<?xml version="1.0" encoding="UTF-8"?>
<!DOCTYPE html PUBLIC "-//W3C//DTD XHTML 1.0 Transitional//EN"
    "http://www.w3.org/TR/xhtml1/DTD/xhtml1-transitional.dtd">
<html xmlns="http://www.w3.org/1999/xhtml" xml:lang="en" lang="en">
 <head>
  <title>
</title>
<meta http-equiv="Content-Type" content="text/html;charset=utf-8" />
  <meta name='ocr-system' content='tesseract 3.04.00' />
  <meta name='ocr-capabilities' content='ocr_page ocr_carea ocr_par ocr_line ocrx_word'/>
</head>
<body>
  <div class='ocr_page' id='page_1' title='image "./theodosianilibr01sirmgoog_0676.png"; bbox 0 0 4800 6400; ppageno 0'>
   <div class='ocr_carea' id='block_1_1' title="bbox 515 741 1961 816">
    <p class='ocr_par' dir='ltr' id='par_1_1' title="bbox 515 741 1961 816">
     <span class='ocr_line' id='line_1_1' title="bbox 515 741 1961 816; baseline 0.013 -20"><span class='ocrx_word' id='word_1_1' title='bbox 515 742 562 796; x_wconf 85' lang='lat' dir='ltr'>na</span> <span class='ocrx_word' id='word_1_2' title='bbox 578 741 830 798; x_wconf 78' lang='lat' dir='ltr'>nncvnrormvs</span> <span class='ocrx_word' id='word_1_3' title='bbox 1209 748 1272 812; x_wconf 77' lang='grc'>669</span> <span class='ocrx_word' id='word_1_4' title='bbox 1700 745 1769 814; x_wconf 90' lang='lat' dir='ltr'>x11</span> <span class='ocrx_word' id='word_1_5' title='bbox 1794 754 1806 815; x_wconf 81' lang='grc' dir='ltr'>ι</span> <span class='ocrx_word' id='word_1_6' title='bbox 1834 751 1961 816; x_wconf 74' lang='lat'><strong>24-29</strong></span> 
     </span>
    </p>
   </div>
   <div class='ocr_carea' id='block_1_2' title="bbox 513 913 1963 1056">
    <p class='ocr_par' dir='ltr' id='par_1_2' title="bbox 513 913 1963 1056">
     <span class='ocr_line' id='line_1_2' title="bbox 513 913 1963 988; baseline 0.007 -19"><span class='ocrx_word' id='word_1_7' title='bbox 513 913 592 969; x_wconf 89' lang='lat' dir='ltr'>XXX</span> <span class='ocrx_word' id='word_1_8' title='bbox 615 916 726 986; x_wconf 86' lang='lat' dir='ltr'>argenti</span> <span class='ocrx_word' id='word_1_9' title='bbox 750 916 837 972; x_wconf 90' lang='lat' dir='ltr'>libras</span> <span class='ocrx_word' id='word_1_10' title='bbox 855 915 957 973; x_wconf 80' lang='lat' dir='ltr'>inferre</span> <span class='ocrx_word' id='word_1_11' title='bbox 982 920 1126 988; x_wconf 74' lang='lat' dir='ltr'>cogantur.</span> <span class='ocrx_word' id='word_1_12' title='bbox 1168 935 1225 972; x_wconf 79' lang='lat' dir='ltr'>aco.</span> <span class='ocrx_word' id='word_1_13' title='bbox 1251 919 1454 987; x_wconf 74' lang='lat' dir='ltr'>xaamaatm)</span> <span class='ocrx_word' id='word_1_14' title='bbox 1477 934 1549 974; x_wconf 80' lang='lat' dir='ltr'>eam.</span> <span class='ocrx_word' id='word_1_15' title='bbox 1568 935 1605 975; x_wconf 81' lang='lat' dir='ltr'>tu.</span> <span class='ocrx_word' id='word_1_16' title='bbox 1629 936 1686 975; x_wconf 83' lang='lat' dir='ltr'>nso.</span> <span class='ocrx_word' id='word_1_17' title='bbox 1705 938 1774 977; x_wconf 86' lang='lat' dir='ltr'>vsso</span> <span class='ocrx_word' id='word_1_18' title='bbox 1791 939 1824 977; x_wconf 78' lang='lat' dir='ltr'>sn</span> <span class='ocrx_word' id='word_1_19' title='bbox 1846 939 1963 978; x_wconf 76' lang='lat' dir='ltr'>rosamo</span> 
     </span>
     <span class='ocr_line' id='line_1_3' title="bbox 514 1017 603 1056; baseline 0.011 -1"><span class='ocrx_word' id='word_1_20' title='bbox 514 1017 603 1056; x_wconf 80' lang='lat' dir='ltr'>consa</span> 
     </span>
    </p>
   </div>
   <div class='ocr_carea' id='block_1_3' title="bbox 607 1142 1129 1212">
    <p class='ocr_par' dir='ltr' id='par_1_3' title="bbox 607 1142 1129 1212">
     <span class='ocr_line' id='line_1_4' title="bbox 607 1142 1129 1212; baseline 0.006 -17"><span class='ocrx_word' id='word_1_21' title='bbox 607 1142 635 1195; x_wconf 80' lang='lat' dir='ltr'>V.</span> <span class='ocrx_word' id='word_1_22' title='bbox 653 1170 688 1180; x_wconf 93' lang='lat'><em>-</em></span> <span class='ocrx_word' id='word_1_23' title='bbox 705 1146 840 1197; x_wconf 75' lang='lat' dir='ltr'>osuini</span> <span class='ocrx_word' id='word_1_24' title='bbox 857 1143 963 1211; x_wconf 72' lang='lat' dir='ltr'>assa</span> <span class='ocrx_word' id='word_1_25' title='bbox 981 1145 1036 1212; x_wconf 66' lang='lat' dir='ltr'>(aa</span> <span class='ocrx_word' id='word_1_26' title='bbox 1052 1146 1129 1202; x_wconf 72' lang='lat' dir='ltr'>videl</span> 
     </span>
    </p>
   </div>
   <div class='ocr_carea' id='block_1_4' title="bbox 386 1347 743 1420">
    <p class='ocr_par' dir='ltr' id='par_1_4' title="bbox 386 1347 743 1420">
     <span class='ocr_line' id='line_1_5' title="bbox 386 1347 743 1420; baseline -0.006 -14"><span class='ocrx_word' id='word_1_27' title='bbox 386 1351 503 1420; x_wconf 83' lang='lat'>11,1,25</span> <span class='ocrx_word' id='word_1_28' title='bbox 532 1347 594 1418; x_wconf 87' lang='grc'><strong>(338</strong></span> <span class='ocrx_word' id='word_1_29' title='bbox 613 1349 743 1417; x_wconf 61' lang='lat' dir='ltr'>Oetes).</span> 
     </span>
    </p>
   </div>
   <div class='ocr_carea' id='block_1_5' title="bbox 515 1452 2013 1953">
    <p class='ocr_par' dir='ltr' id='par_1_5' title="bbox 515 1452 2013 1953">
     <span class='ocr_line' id='line_1_6' title="bbox 601 1452 1962 1527; baseline 0.006 -21"><span class='ocrx_word' id='word_1_30' title='bbox 601 1470 668 1507; x_wconf 78' lang='lat' dir='ltr'>mn</span> <span class='ocrx_word' id='word_1_31' title='bbox 685 1471 713 1508; x_wconf 78' lang='lat' dir='ltr'>s.</span> <span class='ocrx_word' id='word_1_32' title='bbox 754 1452 890 1515; x_wconf 82' lang='lat' dir='ltr'>Quoniam</span> <span class='ocrx_word' id='word_1_33' title='bbox 913 1458 1026 1524; x_wconf 87' lang='lat' dir='ltr'>emptae</span> <span class='ocrx_word' id='word_1_34' title='bbox 1049 1454 1198 1527; x_wconf 88' lang='lat' dir='ltr'>dignitatis</span> <span class='ocrx_word' id='word_1_35' title='bbox 1221 1455 1338 1512; x_wconf 85' lang='lat' dir='ltr'>obtentu</span> <span class='ocrx_word' id='word_1_36' title='bbox 1365 1455 1458 1511; x_wconf 88' lang='lat' dir='ltr'>curias</span> <span class='ocrx_word' id='word_1_37' title='bbox 1483 1456 1661 1512; x_wconf 79' lang='lat' dir='ltr'>vacuefactas</span> <span class='ocrx_word' id='word_1_38' title='bbox 1685 1475 1744 1514; x_wconf 86' lang='lat' dir='ltr'>esse</span> <span class='ocrx_word' id='word_1_39' title='bbox 1768 1475 1823 1514; x_wconf 93' lang='lat' dir='ltr'>non</span> <span class='ocrx_word' id='word_1_40' title='bbox 1845 1459 1962 1515; x_wconf 90' lang='lat' dir='ltr'>dubium</span> 
     </span>
     <span class='ocr_line' id='line_1_7' title="bbox 517 1538 1961 1613; baseline 0.005 -19"><span class='ocrx_word' id='word_1_41' title='bbox 517 1541 568 1603; x_wconf 90' lang='lat' dir='ltr'>est,</span> <span class='ocrx_word' id='word_1_42' title='bbox 586 1538 704 1608; x_wconf 83' lang='lat' dir='ltr'>placuit,</span> <span class='ocrx_word' id='word_1_43' title='bbox 723 1540 756 1592; x_wconf 88' lang='lat' dir='ltr'>ut</span> <span class='ocrx_word' id='word_1_44' title='bbox 773 1538 875 1605; x_wconf 89' lang='lat' dir='ltr'>cuncti,</span> <span class='ocrx_word' id='word_1_45' title='bbox 894 1539 943 1609; x_wconf 91' lang='lat' dir='ltr'>qui</span> <span class='ocrx_word' id='word_1_46' title='bbox 961 1540 1104 1611; x_wconf 83' lang='lat' dir='ltr'>suffragiis</span> <span class='ocrx_word' id='word_1_47' title='bbox 1122 1541 1295 1613; x_wconf 75' lang='lat' dir='ltr'>dignitatum</span> <span class='ocrx_word' id='word_1_48' title='bbox 1312 1541 1436 1613; x_wconf 88' lang='lat' dir='ltr'>insignia</span> <span class='ocrx_word' id='word_1_49' title='bbox 1454 1542 1598 1598; x_wconf 78' lang='lat' dir='ltr'>consecuti</span> <span class='ocrx_word' id='word_1_50' title='bbox 1616 1547 1688 1608; x_wconf 88' lang='lat' dir='ltr'>sunt,</span> <span class='ocrx_word' id='word_1_51' title='bbox 1707 1542 1831 1600; x_wconf 83' lang='lat' dir='ltr'>inmeriti</span> <span class='ocrx_word' id='word_1_52' title='bbox 1848 1545 1961 1601; x_wconf 88' lang='lat' dir='ltr'>honoris</span> 
     </span>
     <span class='ocr_line' id='line_1_8' title="bbox 516 1624 1960 1697; baseline 0.006 -19"><span class='ocrx_word' id='word_1_53' title='bbox 516 1624 663 1694; x_wconf 73' lang='lat' dir='ltr'>splendore</span> <span class='ocrx_word' id='word_1_54' title='bbox 681 1624 787 1694; x_wconf 88' lang='lat' dir='ltr'>privati</span> <span class='ocrx_word' id='word_1_55' title='bbox 806 1624 934 1679; x_wconf 87' lang='lat' dir='ltr'>civilium</span> <span class='ocrx_word' id='word_1_56' title='bbox 951 1643 1095 1681; x_wconf 91' lang='lat' dir='ltr'>munerum</span> <span class='ocrx_word' id='word_1_57' title='bbox 1113 1626 1304 1682; x_wconf 78' lang='lat' dir='ltr'>sollemnitate</span> <span class='ocrx_word' id='word_1_58' title='bbox 1322 1627 1483 1697; x_wconf 83' lang='lat' dir='ltr'>fungantur.</span> <span class='ocrx_word' id='word_1_59' title='bbox 1519 1625 1621 1682; x_wconf 80' lang='lat' dir='ltr'>Eorum</span> <span class='ocrx_word' id='word_1_60' title='bbox 1638 1640 1705 1683; x_wconf 87' lang='lat' dir='ltr'>sane</span> <span class='ocrx_word' id='word_1_61' title='bbox 1722 1628 1904 1687; x_wconf 90' lang='lat' dir='ltr'>intemeratas</span> <span class='ocrx_word' id='word_1_62' title='bbox 1920 1631 1960 1686; x_wconf 91' lang='lat' dir='ltr'>in·</span> 
     </span>
     <span class='ocr_line' id='line_1_9' title="bbox 517 1711 1960 1787; baseline 0.003 -21"><span class='ocrx_word' id='word_1_63' title='bbox 517 1727 719 1781; x_wconf 83' lang='lat' dir='ltr'>concussasque</span> <span class='ocrx_word' id='word_1_64' title='bbox 731 1711 886 1782; x_wconf 81' lang='lat' dir='ltr'>dignitates</span> <span class='ocrx_word' id='word_1_65' title='bbox 905 1712 1031 1767; x_wconf 84' lang='lat' dir='ltr'>volumus</span> <span class='ocrx_word' id='word_1_66' title='bbox 1049 1730 1219 1783; x_wconf 89' lang='lat' dir='ltr'>permanere,</span> <span class='ocrx_word' id='word_1_67' title='bbox 1237 1712 1285 1782; x_wconf 89' lang='lat' dir='ltr'>qui</span> <span class='ocrx_word' id='word_1_68' title='bbox 1300 1713 1344 1768; x_wconf 88' lang='lat' dir='ltr'>vel</span> <span class='ocrx_word' id='word_1_69' title='bbox 1362 1712 1467 1769; x_wconf 89' lang='lat' dir='ltr'>iudicio</span> <span class='ocrx_word' id='word_1_70' title='bbox 1485 1712 1692 1783; x_wconf 77' lang='lat' dir='ltr'>provinciarum</span> <span class='ocrx_word' id='word_1_71' title='bbox 1710 1713 1739 1768; x_wconf 87' lang='lat' dir='ltr'>iu</span> <span class='ocrx_word' id='word_1_72' title='bbox 1750 1714 1873 1771; x_wconf 84' lang='lat' dir='ltr'>officium</span> <span class='ocrx_word' id='word_1_73' title='bbox 1884 1717 1960 1787; x_wconf 80' lang='lat' dir='ltr'>lega</span> 
     </span>
     <span class='ocr_line' id='line_1_10' title="bbox 515 1797 2013 1873; baseline 0.003 -19"><span class='ocrx_word' id='word_1_74' title='bbox 515 1797 601 1854; x_wconf 90' lang='lat' dir='ltr'>tionis</span> <span class='ocrx_word' id='word_1_75' title='bbox 618 1797 703 1854; x_wconf 89' lang='lat' dir='ltr'>electi</span> <span class='ocrx_word' id='word_1_76' title='bbox 721 1803 787 1855; x_wconf 90' lang='lat' dir='ltr'>sunt</span> <span class='ocrx_word' id='word_1_77' title='bbox 806 1798 851 1854; x_wconf 86' lang='lat' dir='ltr'>vel</span> <span class='ocrx_word' id='word_1_78' title='bbox 869 1798 994 1854; x_wconf 79' lang='lat' dir='ltr'>honestis</span> <span class='ocrx_word' id='word_1_79' title='bbox 1012 1798 1181 1855; x_wconf 80' lang='lat' dir='ltr'>testimoniis</span> <span class='ocrx_word' id='word_1_80' title='bbox 1198 1799 1379 1855; x_wconf 86' lang='lat' dir='ltr'>adminiculis</span> <span class='ocrx_word' id='word_1_81' title='bbox 1401 1799 1541 1856; x_wconf 85' lang='lat' dir='ltr'>enitentes</span> <span class='ocrx_word' id='word_1_82' title='bbox 1565 1799 1666 1855; x_wconf 90' lang='lat' dir='ltr'>talium</span> <span class='ocrx_word' id='word_1_83' title='bbox 1685 1801 1857 1873; x_wconf 86' lang='lat' dir='ltr'>dignitatum</span> <span class='ocrx_word' id='word_1_84' title='bbox 1875 1803 1963 1873; x_wconf 84' lang='lat' dir='ltr'>privi-</span> <span class='ocrx_word' id='word_1_85' title='bbox 2002 1822 2013 1860; x_wconf 78' lang='lat' dir='ltr'>s</span> 
     </span>
     <span class='ocr_line' id='line_1_11' title="bbox 515 1881 1757 1953; baseline 0.006 -17"><span class='ocrx_word' id='word_1_86' title='bbox 515 1881 592 1953; x_wconf 88' lang='lat' dir='ltr'>legia</span> <span class='ocrx_word' id='word_1_87' title='bbox 609 1881 788 1953; x_wconf 82' lang='lat' dir='ltr'>insigniaque</span> <span class='ocrx_word' id='word_1_88' title='bbox 806 1886 974 1939; x_wconf 90' lang='lat' dir='ltr'>meruerunt.</span> <span class='ocrx_word' id='word_1_89' title='bbox 1011 1900 1072 1937; x_wconf 74' lang='lat' dir='ltr'>nar.</span> <span class='ocrx_word' id='word_1_90' title='bbox 1092 1901 1110 1938; x_wconf 85' lang='lat' dir='ltr'>v</span> <span class='ocrx_word' id='word_1_91' title='bbox 1129 1901 1192 1938; x_wconf 75' lang='lat' dir='ltr'>saa</span> <span class='ocrx_word' id='word_1_92' title='bbox 1212 1901 1275 1938; x_wconf 66' lang='grc' dir='ltr'>κον.</span> <span class='ocrx_word' id='word_1_93' title='bbox 1294 1901 1381 1939; x_wconf 77' lang='lat' dir='ltr'>sassa</span> <span class='ocrx_word' id='word_1_94' title='bbox 1399 1902 1467 1940; x_wconf 85' lang='lat' dir='ltr'>vaso</span> <span class='ocrx_word' id='word_1_95' title='bbox 1485 1903 1518 1940; x_wconf 79' lang='lat' dir='ltr'>su</span> <span class='ocrx_word' id='word_1_96' title='bbox 1536 1904 1650 1942; x_wconf 74' lang='lat' dir='ltr'>missio</span> <span class='ocrx_word' id='word_1_97' title='bbox 1668 1905 1757 1944; x_wconf 84' lang='lat' dir='ltr'>consa.</span> 
     </span>
    </p>
   </div>
   <div class='ocr_carea' id='block_1_6' title="bbox 607 2025 633 2075">
    <p class='ocr_par' dir='ltr' id='par_1_6' title="bbox 607 2025 633 2075">
     <span class='ocr_line' id='line_1_12' title="bbox 607 2025 633 2075; baseline 0 0"><span class='ocrx_word' id='word_1_98' title='bbox 607 2025 633 2075; x_wconf 98' lang='lat' dir='ltr'><strong><em>V</em></strong></span> 
     </span>
    </p>
   </div>
   <div class='ocr_carea' id='block_1_7' title="bbox 387 2194 726 2264">
    <p class='ocr_par' dir='ltr' id='par_1_7' title="bbox 387 2194 726 2264">
     <span class='ocr_line' id='line_1_13' title="bbox 387 2194 726 2264; baseline -0.003 -15"><span class='ocrx_word' id='word_1_99' title='bbox 387 2194 421 2260; x_wconf 91' lang='lat'>11,</span> <span class='ocrx_word' id='word_1_100' title='bbox 436 2194 506 2260; x_wconf 67' lang='lat' dir='ltr'>aas</span> <span class='ocrx_word' id='word_1_101' title='bbox 525 2194 588 2264; x_wconf 75' lang='lat' dir='ltr'>(aas</span> <span class='ocrx_word' id='word_1_102' title='bbox 605 2195 676 2250; x_wconf 75' lang='lat' dir='ltr'>mv.</span> <span class='ocrx_word' id='word_1_103' title='bbox 692 2196 726 2261; x_wconf 82' lang='grc' dir='ltr'>ι).</span> 
     </span>
    </p>
   </div>
   <div class='ocr_carea' id='block_1_8' title="bbox 514 2299 1962 2711">
    <p class='ocr_par' dir='ltr' id='par_1_8' title="bbox 514 2299 1962 2711">
     <span class='ocr_line' id='line_1_14' title="bbox 602 2299 1962 2370; baseline 0.002 -17"><span class='ocrx_word' id='word_1_104' title='bbox 602 2314 677 2353; x_wconf 75' lang='lat' dir='ltr'>men.</span> <span class='ocrx_word' id='word_1_105' title='bbox 699 2313 883 2352; x_wconf 70' lang='lat' dir='ltr'>consulamus</span> <span class='ocrx_word' id='word_1_106' title='bbox 905 2313 938 2350; x_wconf 80' lang='lat' dir='ltr'>rr</span> <span class='ocrx_word' id='word_1_107' title='bbox 960 2313 1098 2350; x_wconf 78' lang='lat' dir='ltr'>oonsrass</span> <span class='ocrx_word' id='word_1_108' title='bbox 1119 2313 1167 2351; x_wconf 75' lang='lat' dir='ltr'>as.</span> <span class='ocrx_word' id='word_1_109' title='bbox 1186 2314 1224 2350; x_wconf 79' lang='lat' dir='ltr'>an</span> <span class='ocrx_word' id='word_1_110' title='bbox 1242 2313 1416 2351; x_wconf 75' lang='lat' dir='ltr'>oarmmuvu</span> <span class='ocrx_word' id='word_1_111' title='bbox 1433 2299 1753 2370; x_wconf 60' lang='lat' dir='ltr'>molismensem).</span> <span class='ocrx_word' id='word_1_112' title='bbox 1790 2301 1911 2358; x_wconf 81' lang='lat' dir='ltr'>Cunctos</span> <span class='ocrx_word' id='word_1_113' title='bbox 1928 2320 1962 2358; x_wconf 86' lang='lat' dir='ltr'>ex</span> 
     </span>
     <span class='ocr_line' id='line_1_15' title="bbox 514 2382 1961 2457; baseline 0 -15"><span class='ocrx_word' id='word_1_114' title='bbox 514 2384 665 2442; x_wconf 88' lang='lat' dir='ltr'>comitibus</span> <span class='ocrx_word' id='word_1_115' title='bbox 691 2383 842 2440; x_wconf 90' lang='lat' dir='ltr'>cuiuslibet</span> <span class='ocrx_word' id='word_1_116' title='bbox 868 2382 973 2438; x_wconf 88' lang='lat' dir='ltr'>ordinis</span> <span class='ocrx_word' id='word_1_117' title='bbox 998 2386 1028 2438; x_wconf 91' lang='lat' dir='ltr'>et</span> <span class='ocrx_word' id='word_1_118' title='bbox 1055 2400 1088 2438; x_wconf 85' lang='lat' dir='ltr'>ex</span> <span class='ocrx_word' id='word_1_119' title='bbox 1115 2382 1292 2453; x_wconf 87' lang='lat' dir='ltr'>praesidibus</span> <span class='ocrx_word' id='word_1_120' title='bbox 1315 2385 1345 2437; x_wconf 89' lang='lat' dir='ltr'>et</span> <span class='ocrx_word' id='word_1_121' title='bbox 1368 2383 1556 2439; x_wconf 81' lang='lat' dir='ltr'>rationalibus</span> <span class='ocrx_word' id='word_1_122' title='bbox 1580 2387 1610 2441; x_wconf 88' lang='lat' dir='ltr'>et</span> <span class='ocrx_word' id='word_1_123' title='bbox 1632 2385 1776 2457; x_wconf 85' lang='lat' dir='ltr'>magistris</span> <span class='ocrx_word' id='word_1_124' title='bbox 1798 2387 1961 2454; x_wconf 86' lang='lat' dir='ltr'>studiorum,</span> 
     </span>
     <span class='ocr_line' id='line_1_16' title="bbox 514 2466 1960 2545; baseline 0.001 -19"><span class='ocrx_word' id='word_1_125' title='bbox 514 2471 634 2540; x_wconf 89' lang='lat' dir='ltr'>denique</span> <span class='ocrx_word' id='word_1_126' title='bbox 655 2488 690 2524; x_wconf 88' lang='lat' dir='ltr'>ex</span> <span class='ocrx_word' id='word_1_127' title='bbox 712 2468 924 2541; x_wconf 83' lang='lat' dir='ltr'>perfectissimis</span> <span class='ocrx_word' id='word_1_128' title='bbox 947 2466 1109 2524; x_wconf 86' lang='lat' dir='ltr'>honorarius</span> <span class='ocrx_word' id='word_1_129' title='bbox 1138 2469 1182 2524; x_wconf 86' lang='lat' dir='ltr'>vel</span> <span class='ocrx_word' id='word_1_130' title='bbox 1206 2467 1324 2524; x_wconf 79' lang='lat' dir='ltr'>affectus</span> <span class='ocrx_word' id='word_1_131' title='bbox 1343 2486 1437 2524; x_wconf 85' lang='lat' dir='ltr'>eorum</span> <span class='ocrx_word' id='word_1_132' title='bbox 1456 2471 1492 2525; x_wconf 88' lang='lat' dir='ltr'>ad</span> <span class='ocrx_word' id='word_1_133' title='bbox 1512 2469 1603 2526; x_wconf 87' lang='lat' dir='ltr'>civica</span> <span class='ocrx_word' id='word_1_134' title='bbox 1626 2489 1710 2528; x_wconf 85' lang='lat' dir='ltr'>onera</span> <span class='ocrx_word' id='word_1_135' title='bbox 1732 2473 1917 2545; x_wconf 87' lang='lat' dir='ltr'>constringes,</span> <span class='ocrx_word' id='word_1_136' title='bbox 1936 2475 1960 2529; x_wconf 87' lang='lat' dir='ltr'>si</span> 
     </span>
     <span class='ocr_line' id='line_1_17' title="bbox 515 2553 1960 2630; baseline 0.003 -17"><span class='ocrx_word' id='word_1_137' title='bbox 515 2557 629 2628; x_wconf 90' lang='lat' dir='ltr'>quidem</span> <span class='ocrx_word' id='word_1_138' title='bbox 646 2557 750 2612; x_wconf 90' lang='lat' dir='ltr'>rectius</span> <span class='ocrx_word' id='word_1_139' title='bbox 769 2554 879 2626; x_wconf 85' lang='lat' dir='ltr'>patriae</span> <span class='ocrx_word' id='word_1_140' title='bbox 898 2554 943 2610; x_wconf 89' lang='lat' dir='ltr'>vel</span> <span class='ocrx_word' id='word_1_141' title='bbox 961 2553 1111 2611; x_wconf 89' lang='lat' dir='ltr'>honoribus</span> <span class='ocrx_word' id='word_1_142' title='bbox 1131 2555 1175 2610; x_wconf 88' lang='lat' dir='ltr'>vel</span> <span class='ocrx_word' id='word_1_143' title='bbox 1192 2555 1406 2625; x_wconf 87' lang='lat' dir='ltr'>magistratibus</span> <span class='ocrx_word' id='word_1_144' title='bbox 1418 2557 1574 2626; x_wconf 87' lang='lat' dir='ltr'>expendere</span> <span class='ocrx_word' id='word_1_145' title='bbox 1587 2556 1755 2622; x_wconf 86' lang='lat' dir='ltr'>debuissent,</span> <span class='ocrx_word' id='word_1_146' title='bbox 1768 2577 1960 2630; x_wconf 88' lang='lat' dir='ltr'>quaecumque</span> 
     </span>
     <span class='ocr_line' id='line_1_18' title="bbox 516 2643 1862 2711; baseline 0 -11"><span class='ocrx_word' id='word_1_147' title='bbox 516 2646 553 2700; x_wconf 86' lang='lat' dir='ltr'>ab</span> <span class='ocrx_word' id='word_1_148' title='bbox 571 2643 616 2698; x_wconf 91' lang='lat' dir='ltr'>his</span> <span class='ocrx_word' id='word_1_149' title='bbox 633 2643 812 2699; x_wconf 79' lang='lat' dir='ltr'>foedantibus</span> <span class='ocrx_word' id='word_1_150' title='bbox 830 2644 947 2698; x_wconf 90' lang='lat' dir='ltr'>honores</span> <span class='ocrx_word' id='word_1_151' title='bbox 965 2646 1132 2711; x_wconf 89' lang='lat' dir='ltr'>cousumpta</span> <span class='ocrx_word' id='word_1_152' title='bbox 1149 2643 1222 2696; x_wconf 88' lang='lat' dir='ltr'>sunt.</span> <span class='ocrx_word' id='word_1_153' title='bbox 1258 2658 1321 2696; x_wconf 75' lang='lat' dir='ltr'>nas.</span> <span class='ocrx_word' id='word_1_154' title='bbox 1338 2658 1401 2697; x_wconf 75' lang='lat' dir='ltr'>aas.</span> <span class='ocrx_word' id='word_1_155' title='bbox 1420 2659 1483 2697; x_wconf 79' lang='lat' dir='ltr'>nov.</span> <span class='ocrx_word' id='word_1_156' title='bbox 1503 2660 1572 2698; x_wconf 86' lang='lat' dir='ltr'>vsso</span> <span class='ocrx_word' id='word_1_157' title='bbox 1589 2661 1622 2698; x_wconf 82' lang='lat' dir='ltr'>au·</span> <span class='ocrx_word' id='word_1_158' title='bbox 1639 2660 1756 2699; x_wconf 74' lang='lat' dir='ltr'>rosano</span> <span class='ocrx_word' id='word_1_159' title='bbox 1772 2662 1862 2701; x_wconf 71' lang='lat' dir='ltr'>conss.</span> 
     </span>
    </p>
   </div>
   <div class='ocr_carea' id='block_1_9' title="bbox 606 2820 632 2870">
    <p class='ocr_par' dir='ltr' id='par_1_9' title="bbox 606 2820 632 2870">
     <span class='ocr_line' id='line_1_19' title="bbox 606 2820 632 2870; baseline 0 0"><span class='ocrx_word' id='word_1_160' title='bbox 606 2820 632 2870; x_wconf 92' lang='lat' dir='ltr'><strong><em>V</em></strong></span> 
     </span>
    </p>
   </div>
   <div class='ocr_carea' id='block_1_10' title="bbox 514 2934 1414 3075">
    <p class='ocr_par' dir='ltr' id='par_1_10' title="bbox 514 2934 1414 3075">
     <span class='ocr_line' id='line_1_20' title="bbox 515 2934 1414 3007; baseline -0.003 -15"><span class='ocrx_word' id='word_1_161' title='bbox 515 2937 696 3007; x_wconf 63' lang='lat' dir='ltr'>doomitibus]</span> <span class='ocrx_word' id='word_1_162' title='bbox 714 2940 814 3006; x_wconf 77' lang='lat' dir='ltr'>scripsi,</span> <span class='ocrx_word' id='word_1_163' title='bbox 831 2937 960 2992; x_wconf 82' lang='lat' dir='ltr'>comiteV</span> <span class='ocrx_word' id='word_1_164' title='bbox 1014 2934 1211 3004; x_wconf 73' lang='lat' dir='ltr'>dhouorarios]</span> <span class='ocrx_word' id='word_1_165' title='bbox 1265 2938 1414 3006; x_wconf 86' lang='lat' dir='ltr'>cumqueV</span> 
     </span>
     <span class='ocr_line' id='line_1_21' title="bbox 514 3007 1212 3075; baseline -0.006 -13"><span class='ocrx_word' id='word_1_166' title='bbox 514 3011 615 3075; x_wconf 80' lang='lat' dir='ltr'>scripsi,</span> <span class='ocrx_word' id='word_1_167' title='bbox 631 3010 775 3062; x_wconf 84' lang='lat' dir='ltr'>honorariis</span> <span class='ocrx_word' id='word_1_168' title='bbox 791 3010 815 3059; x_wconf 89' lang='lat' dir='ltr'><em>V</em></span> <span class='ocrx_word' id='word_1_169' title='bbox 864 3009 1011 3074; x_wconf 84' lang='lat' dir='ltr'>constiuges</span> <span class='ocrx_word' id='word_1_170' title='bbox 1028 3007 1064 3056; x_wconf 69' lang='lat' dir='ltr'>V¹</span> <span class='ocrx_word' id='word_1_171' title='bbox 1115 3008 1133 3058; x_wconf 81' lang='lat'>4</span> <span class='ocrx_word' id='word_1_172' title='bbox 1150 3024 1212 3073; x_wconf 89' lang='lat' dir='ltr'>que·</span> 
     </span>
    </p>
   </div>
   <div class='ocr_carea' id='block_1_11' title="bbox 387 3195 707 3268">
    <p class='ocr_par' dir='ltr' id='par_1_11' title="bbox 387 3195 707 3268">
     <span class='ocr_line' id='line_1_22' title="bbox 387 3195 707 3268; baseline 0.006 -17"><span class='ocrx_word' id='word_1_173' title='bbox 387 3196 421 3266; x_wconf 91' lang='lat' dir='ltr'>ll,</span> <span class='ocrx_word' id='word_1_174' title='bbox 435 3195 506 3262; x_wconf 75' lang='lat'>1,27</span> <span class='ocrx_word' id='word_1_175' title='bbox 521 3199 582 3268; x_wconf 83' lang='grc'><strong>(339</strong></span> <span class='ocrx_word' id='word_1_176' title='bbox 601 3199 660 3253; x_wconf 89' lang='lat' dir='ltr'>Ian.</span> <span class='ocrx_word' id='word_1_177' title='bbox 673 3200 707 3268; x_wconf 88' lang='lat'>8).</span> 
     </span>
    </p>
   </div>
   <div class='ocr_carea' id='block_1_12' title="bbox 513 3298 1961 3804">
    <p class='ocr_par' dir='ltr' id='par_1_12' title="bbox 513 3298 1961 3804">
     <span class='ocr_line' id='line_1_23' title="bbox 604 3298 1960 3371; baseline 0 -15"><span class='ocrx_word' id='word_1_178' title='bbox 604 3319 671 3356; x_wconf 78' lang='lat' dir='ltr'>mu</span> <span class='ocrx_word' id='word_1_179' title='bbox 689 3319 736 3356; x_wconf 73' lang='grc' dir='ltr'>ΛΑ.</span> <span class='ocrx_word' id='word_1_180' title='bbox 755 3319 831 3356; x_wconf 76' lang='lat' dir='ltr'>suus</span> <span class='ocrx_word' id='word_1_181' title='bbox 848 3319 955 3356; x_wconf 73' lang='lat' dir='ltr'>omarus</span> <span class='ocrx_word' id='word_1_182' title='bbox 972 3302 1279 3371; x_wconf 76' lang='lat' dir='ltr'>1(nn1ss1us)n(o)s(1s).</span> <span class='ocrx_word' id='word_1_183' title='bbox 1316 3301 1420 3355; x_wconf 81' lang='lat' dir='ltr'>Rarum</span> <span class='ocrx_word' id='word_1_184' title='bbox 1433 3298 1617 3371; x_wconf 87' lang='lat' dir='ltr'>Karthaginis</span> <span class='ocrx_word' id='word_1_185' title='bbox 1629 3299 1870 3371; x_wconf 88' lang='lat' dir='ltr'>splendidissimae</span> <span class='ocrx_word' id='word_1_186' title='bbox 1883 3306 1960 3357; x_wconf 81' lang='lat' dir='ltr'>s&#39;ena·</span> 
     </span>
     <span class='ocr_line' id='line_1_24' title="bbox 516 3385 1960 3460; baseline -0.002 -16"><span class='ocrx_word' id='word_1_187' title='bbox 516 3392 623 3444; x_wconf 91' lang='lat' dir='ltr'>tumet</span> <span class='ocrx_word' id='word_1_188' title='bbox 641 3388 756 3460; x_wconf 86' lang='lat' dir='ltr'>exiguos</span> <span class='ocrx_word' id='word_1_189' title='bbox 775 3389 924 3443; x_wconf 91' lang='lat' dir='ltr'>admodum</span> <span class='ocrx_word' id='word_1_190' title='bbox 950 3386 1070 3444; x_wconf 88' lang='lat' dir='ltr'>curiales</span> <span class='ocrx_word' id='word_1_191' title='bbox 1096 3387 1216 3444; x_wconf 88' lang='lat' dir='ltr'>residere</span> <span class='ocrx_word' id='word_1_192' title='bbox 1238 3390 1406 3456; x_wconf 88' lang='lat' dir='ltr'>conquestus</span> <span class='ocrx_word' id='word_1_193' title='bbox 1424 3405 1466 3449; x_wconf 89' lang='lat' dir='ltr'>es,</span> <span class='ocrx_word' id='word_1_194' title='bbox 1485 3387 1551 3441; x_wconf 92' lang='lat' dir='ltr'>dum</span> <span class='ocrx_word' id='word_1_195' title='bbox 1569 3385 1691 3442; x_wconf 90' lang='lat' dir='ltr'>universi</span> <span class='ocrx_word' id='word_1_196' title='bbox 1709 3385 1853 3442; x_wconf 86' lang='lat' dir='ltr'>indebitae</span> <span class='ocrx_word' id='word_1_197' title='bbox 1872 3386 1960 3458; x_wconf 91' lang='lat' dir='ltr'>digni-</span> 
     </span>
     <span class='ocr_line' id='line_1_25' title="bbox 514 3471 1961 3544; baseline -0.003 -15"><span class='ocrx_word' id='word_1_198' title='bbox 514 3475 584 3530; x_wconf 90' lang='lat' dir='ltr'>tatis</span> <span class='ocrx_word' id='word_1_199' title='bbox 606 3474 710 3530; x_wconf 82' lang='lat' dir='ltr'>insulas</span> <span class='ocrx_word' id='word_1_200' title='bbox 733 3475 815 3530; x_wconf 81' lang='lat' dir='ltr'>foeda</span> <span class='ocrx_word' id='word_1_201' title='bbox 836 3473 985 3529; x_wconf 81' lang='lat' dir='ltr'>familiaris</span> <span class='ocrx_word' id='word_1_202' title='bbox 1011 3473 1051 3529; x_wconf 92' lang='lat' dir='ltr'>rei</span> <span class='ocrx_word' id='word_1_203' title='bbox 1080 3472 1229 3529; x_wconf 84' lang='lat' dir='ltr'>vexatione</span> <span class='ocrx_word' id='word_1_204' title='bbox 1253 3475 1419 3529; x_wconf 88' lang='lat' dir='ltr'>mercantur.</span> <span class='ocrx_word' id='word_1_205' title='bbox 1459 3471 1552 3544; x_wconf 90' lang='lat' dir='ltr'>Igitur</span> <span class='ocrx_word' id='word_1_206' title='bbox 1573 3472 1732 3528; x_wconf 91' lang='lat' dir='ltr'>istiusmodi</span> <span class='ocrx_word' id='word_1_207' title='bbox 1758 3471 1811 3527; x_wconf 89' lang='lat' dir='ltr'>viri</span> <span class='ocrx_word' id='word_1_208' title='bbox 1838 3472 1961 3543; x_wconf 89' lang='lat' dir='ltr'>demptis</span> 
     </span>
     <span class='ocr_line' id='line_1_26' title="bbox 514 3557 1960 3632; baseline -0.002 -17"><span class='ocrx_word' id='word_1_209' title='bbox 514 3562 666 3618; x_wconf 89' lang='lat' dir='ltr'>honoribus</span> <span class='ocrx_word' id='word_1_210' title='bbox 692 3560 876 3632; x_wconf 90' lang='lat' dir='ltr'>imaginariis,</span> <span class='ocrx_word' id='word_1_211' title='bbox 899 3559 1087 3616; x_wconf 84' lang='lat' dir='ltr'>cuiuscemodi</span> <span class='ocrx_word' id='word_1_212' title='bbox 1114 3558 1157 3612; x_wconf 91' lang='lat' dir='ltr'>illi</span> <span class='ocrx_word' id='word_1_213' title='bbox 1179 3563 1261 3614; x_wconf 90' lang='lat' dir='ltr'>erunt</span> <span class='ocrx_word' id='word_1_214' title='bbox 1279 3575 1348 3628; x_wconf 88' lang='lat' dir='ltr'>quos</span> <span class='ocrx_word' id='word_1_215' title='bbox 1366 3558 1478 3613; x_wconf 84' lang='lat' dir='ltr'>fueraut</span> <span class='ocrx_word' id='word_1_216' title='bbox 1496 3558 1652 3622; x_wconf 89' lang='lat' dir='ltr'>consecuti,</span> <span class='ocrx_word' id='word_1_217' title='bbox 1678 3557 1777 3613; x_wconf 88' lang='lat' dir='ltr'>civicis</span> <span class='ocrx_word' id='word_1_218' title='bbox 1800 3559 1960 3614; x_wconf 87' lang='lat' dir='ltr'>muneribus</span> 
     </span>
     <span class='ocr_line' id='line_1_27' title="bbox 513 3643 1961 3719; baseline -0.001 -17"><span class='ocrx_word' id='word_1_219' title='bbox 513 3647 704 3719; x_wconf 88' lang='lat' dir='ltr'>subiugentur.</span> <span class='ocrx_word' id='word_1_220' title='bbox 741 3647 820 3711; x_wconf 84' lang='lat' dir='ltr'>Quod</span> <span class='ocrx_word' id='word_1_221' title='bbox 837 3646 950 3715; x_wconf 90' lang='lat' dir='ltr'>quidem</span> <span class='ocrx_word' id='word_1_222' title='bbox 969 3664 1019 3715; x_wconf 89' lang='lat' dir='ltr'>per</span> <span class='ocrx_word' id='word_1_223' title='bbox 1036 3662 1145 3699; x_wconf 92' lang='lat' dir='ltr'>omnem</span> <span class='ocrx_word' id='word_1_224' title='bbox 1163 3643 1288 3698; x_wconf 83' lang='lat' dir='ltr'>Africam</span> <span class='ocrx_word' id='word_1_225' title='bbox 1306 3643 1497 3699; x_wconf 90' lang='lat' dir='ltr'>sollertissime</span> <span class='ocrx_word' id='word_1_226' title='bbox 1516 3643 1620 3698; x_wconf 90' lang='lat' dir='ltr'>servari</span> <span class='ocrx_word' id='word_1_227' title='bbox 1638 3646 1758 3713; x_wconf 88' lang='lat' dir='ltr'>oportet.</span> <span class='ocrx_word' id='word_1_228' title='bbox 1795 3662 1856 3698; x_wconf 75' lang='lat' dir='ltr'>nar.</span> <span class='ocrx_word' id='word_1_229' title='bbox 1876 3662 1905 3698; x_wconf 79' lang='lat' dir='ltr'>vi</span> <span class='ocrx_word' id='word_1_230' title='bbox 1922 3662 1961 3702; x_wconf 82' lang='lat' dir='ltr'>m.</span> 
     </span>
     <span class='ocr_line' id='line_1_28' title="bbox 513 3735 1370 3804; baseline -0.007 -15"><span class='ocrx_word' id='word_1_231' title='bbox 513 3751 571 3790; x_wconf 75' lang='lat' dir='ltr'>uu.</span> <span class='ocrx_word' id='word_1_232' title='bbox 589 3735 940 3804; x_wconf 78' lang='lat' dir='ltr'>rasv(1a1s)cousr(asr)1o</span> <span class='ocrx_word' id='word_1_233' title='bbox 958 3750 979 3786; x_wconf 93' lang='lat'>11</span> <span class='ocrx_word' id='word_1_234' title='bbox 997 3749 1029 3785; x_wconf 77' lang='lat' dir='ltr'>ss</span> <span class='ocrx_word' id='word_1_235' title='bbox 1046 3748 1199 3786; x_wconf 75' lang='lat' dir='ltr'>cossanum</span> <span class='ocrx_word' id='word_1_236' title='bbox 1217 3749 1264 3785; x_wconf 75' lang='lat' dir='ltr'>as.</span> <span class='ocrx_word' id='word_1_237' title='bbox 1282 3747 1370 3785; x_wconf 81' lang='lat' dir='ltr'>conss.</span> 
     </span>
    </p>
   </div>
   <div class='ocr_carea' id='block_1_13' title="bbox 606 3914 630 3963">
    <p class='ocr_par' dir='ltr' id='par_1_13' title="bbox 606 3914 630 3963">
     <span class='ocr_line' id='line_1_29' title="bbox 606 3914 630 3963; baseline 0 0"><span class='ocrx_word' id='word_1_238' title='bbox 606 3914 630 3963; x_wconf 90' lang='lat' dir='ltr'><em>V</em></span> 
     </span>
    </p>
   </div>
   <div class='ocr_carea' id='block_1_14' title="bbox 514 4024 1960 4168">
    <p class='ocr_par' dir='ltr' id='par_1_14' title="bbox 514 4024 1960 4168">
     <span class='ocr_line' id='line_1_30' title="bbox 516 4024 1960 4101; baseline -0.007 -14"><span class='ocrx_word' id='word_1_239' title='bbox 516 4035 660 4099; x_wconf 88' lang='lat' dir='ltr'>lCelsine]</span> <span class='ocrx_word' id='word_1_240' title='bbox 671 4051 772 4101; x_wconf 74' lang='lat' dir='ltr'>praem.</span> <span class='ocrx_word' id='word_1_241' title='bbox 786 4031 1077 4099; x_wconf 69' lang='lat' dir='ltr'>At&#39;ricoctcom&#39;genda</span> <span class='ocrx_word' id='word_1_242' title='bbox 1094 4031 1211 4081; x_wconf 80' lang='lat' dir='ltr'>estsimi-</span> <span class='ocrx_word' id='word_1_243' title='bbox 1265 4047 1358 4080; x_wconf 85' lang='lat' dir='ltr'>conum</span> <span class='ocrx_word' id='word_1_244' title='bbox 1373 4030 1400 4081; x_wconf 83' lang='lat'>0.</span> <span class='ocrx_word' id='word_1_245' title='bbox 1408 4029 1489 4092; x_wconf 88' lang='lat' dir='ltr'><strong><em>VIII,</em></strong></span> <span class='ocrx_word' id='word_1_246' title='bbox 1499 4032 1587 4079; x_wconf 75' lang='lat'><em>12272.</em></span> <span class='ocrx_word' id='word_1_247' title='bbox 1635 4024 1851 4093; x_wconf 70' lang='lat' dir='ltr'>louiuscemodi]</span> <span class='ocrx_word' id='word_1_248' title='bbox 1865 4026 1960 4078; x_wconf 71' lang='lat' dir='ltr'>Outio-</span> 
     </span>
     <span class='ocr_line' id='line_1_31' title="bbox 514 4098 1600 4168; baseline -0.008 -12"><span class='ocrx_word' id='word_1_249' title='bbox 514 4107 571 4157; x_wconf 80' lang='lat' dir='ltr'>liter</span> <span class='ocrx_word' id='word_1_250' title='bbox 583 4105 725 4156; x_wconf 73' lang='lat' dir='ltr'>comtibstio</span> <span class='ocrx_word' id='word_1_251' title='bbox 741 4107 855 4168; x_wconf 80' lang='lat'>10,10,4</span> <span class='ocrx_word' id='word_1_252' title='bbox 872 4103 1012 4154; x_wconf 79' lang='lat' dir='ltr'>secundum</span> <span class='ocrx_word' id='word_1_253' title='bbox 1022 4103 1122 4151; x_wconf 60' lang='lat' dir='ltr'>italum</span> <span class='ocrx_word' id='word_1_254' title='bbox 1136 4100 1212 4166; x_wconf 68' lang='lat' dir='ltr'>Afri-</span> <span class='ocrx_word' id='word_1_255' title='bbox 1264 4100 1364 4167; x_wconf 69' lang='lat' dir='ltr'>fradre,</span> <span class='ocrx_word' id='word_1_256' title='bbox 1383 4100 1560 4151; x_wconf 87' lang='lat' dir='ltr'>huiuscemodi</span> <span class='ocrx_word' id='word_1_257' title='bbox 1576 4098 1600 4147; x_wconf 89' lang='lat' dir='ltr'><strong><em>V</em></strong></span> 
     </span>
    </p>
   </div>
   <div class='ocr_carea' id='block_1_15' title="bbox 386 4289 1961 4457">
    <p class='ocr_par' dir='ltr' id='par_1_15' title="bbox 386 4289 1961 4457">
     <span class='ocr_line' id='line_1_32' title="bbox 386 4289 739 4360; baseline -0.023 -11"><span class='ocrx_word' id='word_1_258' title='bbox 386 4295 419 4360; x_wconf 93' lang='lat' dir='ltr'>ll,</span> <span class='ocrx_word' id='word_1_259' title='bbox 433 4295 456 4360; x_wconf 90' lang='lat' dir='ltr'>l,</span> <span class='ocrx_word' id='word_1_260' title='bbox 469 4294 503 4349; x_wconf 85' lang='lat'>28</span> <span class='ocrx_word' id='word_1_261' title='bbox 524 4290 584 4358; x_wconf 88' lang='grc'><strong>(339</strong></span> <span class='ocrx_word' id='word_1_262' title='bbox 603 4290 674 4343; x_wconf 85' lang='lat' dir='ltr'>Nov.</span> <span class='ocrx_word' id='word_1_263' title='bbox 687 4289 739 4357; x_wconf 79' lang='lat'><strong>26).</strong></span> 
     </span>
     <span class='ocr_line' id='line_1_33' title="bbox 599 4385 1961 4457; baseline -0.007 -10"><span class='ocrx_word' id='word_1_264' title='bbox 599 4411 665 4447; x_wconf 81' lang='lat' dir='ltr'>mars</span> <span class='ocrx_word' id='word_1_265' title='bbox 689 4410 735 4447; x_wconf 77' lang='lat' dir='ltr'>aa.</span> <span class='ocrx_word' id='word_1_266' title='bbox 759 4410 796 4445; x_wconf 75' lang='lat' dir='ltr'>sn</span> <span class='ocrx_word' id='word_1_267' title='bbox 819 4408 976 4445; x_wconf 77' lang='lat' dir='ltr'>asaromvu</span> <span class='ocrx_word' id='word_1_268' title='bbox 1000 4406 1130 4442; x_wconf 80' lang='lat' dir='ltr'>vsoamvs</span> <span class='ocrx_word' id='word_1_269' title='bbox 1153 4389 1265 4457; x_wconf 73' lang='lat' dir='ltr'>salias).</span> <span class='ocrx_word' id='word_1_270' title='bbox 1302 4386 1557 4443; x_wconf 74' lang='lat' dir='ltr'>constitutionibus</span> <span class='ocrx_word' id='word_1_271' title='bbox 1579 4386 1725 4456; x_wconf 90' lang='lat' dir='ltr'>perspicue</span> <span class='ocrx_word' id='word_1_272' title='bbox 1751 4385 1896 4442; x_wconf 88' lang='lat' dir='ltr'>delinitum</span> <span class='ocrx_word' id='word_1_273' title='bbox 1917 4386 1961 4440; x_wconf 87' lang='lat' dir='ltr'>est</span> 
     </span>
    </p>
   </div>
   <div class='ocr_carea' id='block_1_16' title="bbox 514 4470 1961 4638">
    <p class='ocr_par' dir='ltr' id='par_1_16' title="bbox 514 4470 1961 4638">
     <span class='ocr_line' id='line_1_34' title="bbox 514 4470 1961 4544; baseline -0.006 -9"><span class='ocrx_word' id='word_1_274' title='bbox 514 4480 642 4536; x_wconf 85' lang='lat' dir='ltr'>kalendis</span> <span class='ocrx_word' id='word_1_275' title='bbox 668 4478 779 4533; x_wconf 83' lang='lat' dir='ltr'>Martiis</span> <span class='ocrx_word' id='word_1_276' title='bbox 807 4477 1010 4533; x_wconf 89' lang='lat' dir='ltr'>nominationes</span> <span class='ocrx_word' id='word_1_277' title='bbox 1038 4475 1109 4538; x_wconf 87' lang='lat' dir='ltr'>lieri,</span> <span class='ocrx_word' id='word_1_278' title='bbox 1140 4480 1172 4529; x_wconf 90' lang='lat' dir='ltr'>ut</span> <span class='ocrx_word' id='word_1_279' title='bbox 1200 4474 1409 4544; x_wconf 88' lang='lat' dir='ltr'>splendidorum</span> <span class='ocrx_word' id='word_1_280' title='bbox 1435 4474 1570 4528; x_wconf 91' lang='lat' dir='ltr'>honorum</span> <span class='ocrx_word' id='word_1_281' title='bbox 1596 4490 1796 4541; x_wconf 88' lang='lat' dir='ltr'>munerumque</span> <span class='ocrx_word' id='word_1_282' title='bbox 1819 4470 1961 4542; x_wconf 89' lang='lat' dir='ltr'>principia</span> 
     </span>
     <span class='ocr_line' id='line_1_35' title="bbox 514 4566 1961 4638; baseline -0.008 -17"><span class='ocrx_word' id='word_1_283' title='bbox 514 4566 603 4638; x_wconf 88' lang='lat' dir='ltr'>primo</span> <span class='ocrx_word' id='word_1_284' title='bbox 626 4570 751 4636; x_wconf 89' lang='lat' dir='ltr'>tempore</span> <span class='ocrx_word' id='word_1_285' title='bbox 776 4569 964 4634; x_wconf 88' lang='lat' dir='ltr'>procurentur.</span> <span class='ocrx_word' id='word_1_286' title='bbox 1006 4580 1039 4616; x_wconf 75' lang='lat' dir='ltr'>rr</span> <span class='ocrx_word' id='word_1_287' title='bbox 1060 4580 1170 4616; x_wconf 77' lang='lat' dir='ltr'>omas.</span> <span class='ocrx_word' id='word_1_288' title='bbox 1211 4578 1272 4615; x_wconf 79' lang='lat' dir='ltr'>nnn.</span> <span class='ocrx_word' id='word_1_289' title='bbox 1297 4578 1325 4614; x_wconf 82' lang='lat' dir='ltr'>v1</span> <span class='ocrx_word' id='word_1_290' title='bbox 1347 4577 1410 4614; x_wconf 75' lang='lat' dir='ltr'>san.</span> <span class='ocrx_word' id='word_1_291' title='bbox 1438 4577 1494 4613; x_wconf 86' lang='lat' dir='ltr'>nso.</span> <span class='ocrx_word' id='word_1_292' title='bbox 1516 4576 1682 4614; x_wconf 76' lang='lat' dir='ltr'>oossrasmo</span> <span class='ocrx_word' id='word_1_293' title='bbox 1706 4577 1727 4612; x_wconf 92' lang='lat'>11</span> <span class='ocrx_word' id='word_1_294' title='bbox 1750 4576 1783 4613; x_wconf 79' lang='lat' dir='ltr'>ss</span> <span class='ocrx_word' id='word_1_295' title='bbox 1805 4574 1961 4613; x_wconf 75' lang='lat' dir='ltr'>acassam</span> 
     </span>
    </p>
   </div>
   <div class='ocr_carea' id='block_1_17' title="bbox 513 4670 667 4709">
    <p class='ocr_par' dir='ltr' id='par_1_17' title="bbox 513 4670 667 4709">
     <span class='ocr_line' id='line_1_36' title="bbox 513 4670 667 4709; baseline -0.013 -1"><span class='ocrx_word' id='word_1_296' title='bbox 513 4671 561 4709; x_wconf 76' lang='grc' dir='ltr'>ΑΔ.</span> <span class='ocrx_word' id='word_1_297' title='bbox 579 4670 667 4707; x_wconf 60' lang='grc'><strong>00189.</strong></span> 
     </span>
    </p>
   </div>
   <div class='ocr_carea' id='block_1_18' title="bbox 608 4831 632 4880">
    <p class='ocr_par' dir='ltr' id='par_1_18' title="bbox 608 4831 632 4880">
     <span class='ocr_line' id='line_1_37' title="bbox 608 4831 632 4880; baseline 0 0"><span class='ocrx_word' id='word_1_298' title='bbox 608 4831 632 4880; x_wconf 90' lang='lat' dir='ltr'><strong><em>V</em></strong></span> 
     </span>
    </p>
   </div>
   <div class='ocr_carea' id='block_1_19' title="bbox 514 4951 1495 5036">
    <p class='ocr_par' dir='ltr' id='par_1_19' title="bbox 514 4951 1495 5036">
     <span class='ocr_line' id='line_1_38' title="bbox 514 4951 1495 5036; baseline -0.014 -14"><span class='ocrx_word' id='word_1_299' title='bbox 514 4969 527 5022; x_wconf 93' lang='lat' dir='ltr'>l</span> <span class='ocrx_word' id='word_1_300' title='bbox 547 4967 586 5036; x_wconf 73' lang='grc' dir='ltr'>ἵε]</span> <span class='ocrx_word' id='word_1_301' title='bbox 607 4971 651 5033; x_wconf 85' lang='lat' dir='ltr'>sic,</span> <span class='ocrx_word' id='word_1_302' title='bbox 668 4987 720 5020; x_wconf 81' lang='lat' dir='ltr'>uon</span> <span class='ocrx_word' id='word_1_303' title='bbox 735 4951 768 5020; x_wconf 57' lang='lat' dir='ltr'>af</span> <span class='ocrx_word' id='word_1_304' title='bbox 782 4968 805 5014; x_wconf 87' lang='lat' dir='ltr'><strong><em>V</em></strong></span> <span class='ocrx_word' id='word_1_305' title='bbox 870 4963 1021 5018; x_wconf 67' lang='lat' dir='ltr'>sialandia</span> <span class='ocrx_word' id='word_1_306' title='bbox 1040 4956 1148 5027; x_wconf 83' lang='lat' dir='ltr'>martiis]</span> <span class='ocrx_word' id='word_1_307' title='bbox 1167 4968 1279 5025; x_wconf 71' lang='lat' dir='ltr'>expectes</span> <span class='ocrx_word' id='word_1_308' title='bbox 1297 4966 1357 5010; x_wconf 88' lang='lat' dir='ltr'>auto</span> <span class='ocrx_word' id='word_1_309' title='bbox 1375 4958 1401 5011; x_wconf 79' lang='lat' dir='ltr'>k.</span> <span class='ocrx_word' id='word_1_310' title='bbox 1420 4959 1495 5009; x_wconf 82' lang='lat' dir='ltr'>Mart.</span> 
     </span>
    </p>
   </div>
   <div class='ocr_carea' id='block_1_20' title="bbox 386 5173 1957 5435">
    <p class='ocr_par' dir='ltr' id='par_1_20' title="bbox 386 5173 1957 5435">
     <span class='ocr_line' id='line_1_39' title="bbox 386 5173 729 5246; baseline -0.029 -12"><span class='ocrx_word' id='word_1_311' title='bbox 386 5176 504 5246; x_wconf 78' lang='lat'>11,1,29</span> <span class='ocrx_word' id='word_1_312' title='bbox 524 5174 587 5241; x_wconf 85' lang='grc'><strong>(340</strong></span> <span class='ocrx_word' id='word_1_313' title='bbox 606 5173 663 5227; x_wconf 87' lang='lat' dir='ltr'>lan.</span> <span class='ocrx_word' id='word_1_314' title='bbox 679 5173 729 5237; x_wconf 86' lang='lat'>19).</span> 
     </span>
     <span class='ocr_line' id='line_1_40' title="bbox 600 5265 1956 5336; baseline -0.008 -6"><span class='ocrx_word' id='word_1_315' title='bbox 600 5294 666 5330; x_wconf 74' lang='lat' dir='ltr'>insu</span> <span class='ocrx_word' id='word_1_316' title='bbox 685 5294 732 5329; x_wconf 74' lang='lat' dir='ltr'>aa,</span> <span class='ocrx_word' id='word_1_317' title='bbox 750 5292 844 5328; x_wconf 81' lang='lat' dir='ltr'>osium</span> <span class='ocrx_word' id='word_1_318' title='bbox 868 5289 1002 5327; x_wconf 73' lang='lat' dir='ltr'>oiv1ra&#39;r1s</span> <span class='ocrx_word' id='word_1_319' title='bbox 1023 5287 1229 5325; x_wconf 70' lang='lat' dir='ltr'>comminuas</span> <span class='ocrx_word' id='word_1_320' title='bbox 1254 5284 1423 5324; x_wconf 69' lang='lat' dir='ltr'>crassatam,</span> <span class='ocrx_word' id='word_1_321' title='bbox 1461 5265 1644 5336; x_wconf 87' lang='lat' dir='ltr'>Magistratus</span> <span class='ocrx_word' id='word_1_322' title='bbox 1667 5266 1819 5321; x_wconf 87' lang='lat' dir='ltr'>desertores</span> <span class='ocrx_word' id='word_1_323' title='bbox 1842 5265 1879 5318; x_wconf 87' lang='lat' dir='ltr'>ad</span> <span class='ocrx_word' id='word_1_324' title='bbox 1896 5282 1956 5319; x_wconf 90' lang='lat' dir='ltr'>eam</span> 
     </span>
     <span class='ocr_line' id='line_1_41' title="bbox 512 5350 1957 5435; baseline -0.01 -17"><span class='ocrx_word' id='word_1_325' title='bbox 512 5362 638 5435; x_wconf 87' lang='lat' dir='ltr'>gravitas</span> <span class='ocrx_word' id='word_1_326' title='bbox 658 5366 708 5417; x_wconf 90' lang='lat' dir='ltr'>tua</span> <span class='ocrx_word' id='word_1_327' title='bbox 726 5362 814 5416; x_wconf 87' lang='lat' dir='ltr'>faciat</span> <span class='ocrx_word' id='word_1_328' title='bbox 832 5358 1028 5415; x_wconf 89' lang='lat' dir='ltr'>necessitatem</span> <span class='ocrx_word' id='word_1_329' title='bbox 1042 5354 1212 5412; x_wconf 88' lang='lat' dir='ltr'>condicionis</span> <span class='ocrx_word' id='word_1_330' title='bbox 1230 5353 1332 5423; x_wconf 90' lang='lat' dir='ltr'>urgeri,</span> <span class='ocrx_word' id='word_1_331' title='bbox 1346 5357 1386 5415; x_wconf 90' lang='lat' dir='ltr'>ut,</span> <span class='ocrx_word' id='word_1_332' title='bbox 1405 5370 1594 5421; x_wconf 89' lang='lat' dir='ltr'>quascumque</span> <span class='ocrx_word' id='word_1_333' title='bbox 1612 5371 1663 5423; x_wconf 92' lang='lat' dir='ltr'>pro</span> <span class='ocrx_word' id='word_1_334' title='bbox 1680 5351 1725 5407; x_wconf 92' lang='lat' dir='ltr'>his</span> <span class='ocrx_word' id='word_1_335' title='bbox 1743 5368 1878 5422; x_wconf 85' lang='lat' dir='ltr'>expensas</span> <span class='ocrx_word' id='word_1_336' title='bbox 1891 5350 1957 5406; x_wconf 91' lang='lat' dir='ltr'>civi-</span> 
     </span>
    </p>
   </div>
   <div class='ocr_carea' id='block_1_21' title="bbox 510 5530 1595 5606">
    <p class='ocr_par' dir='ltr' id='par_1_21' title="bbox 510 5530 1595 5606">
     <span class='ocr_line' id='line_1_42' title="bbox 510 5530 1595 5606; baseline -0.008 -14"><span class='ocrx_word' id='word_1_337' title='bbox 510 5537 525 5591; x_wconf 94' lang='lat' dir='ltr'>l</span> <span class='ocrx_word' id='word_1_338' title='bbox 543 5536 702 5606; x_wconf 84' lang='lat' dir='ltr'>cirtensium]</span> <span class='ocrx_word' id='word_1_339' title='bbox 722 5538 749 5604; x_wconf 86' lang='lat' dir='ltr'>V,</span> <span class='ocrx_word' id='word_1_340' title='bbox 769 5537 921 5588; x_wconf 86' lang='lat' dir='ltr'>circensium</span> <span class='ocrx_word' id='word_1_341' title='bbox 935 5535 1012 5586; x_wconf 80' lang='lat' dir='ltr'>luet:</span> <span class='ocrx_word' id='word_1_342' title='bbox 1029 5551 1086 5586; x_wconf 84' lang='lat' dir='ltr'>cere</span> <span class='ocrx_word' id='word_1_343' title='bbox 1104 5534 1167 5584; x_wconf 79' lang='lat' dir='ltr'>dota</span> <span class='ocrx_word' id='word_1_344' title='bbox 1184 5541 1221 5584; x_wconf 82' lang='lat' dir='ltr'>est</span> <span class='ocrx_word' id='word_1_345' title='bbox 1238 5532 1275 5583; x_wconf 82' lang='lat' dir='ltr'>od</span> <span class='ocrx_word' id='word_1_346' title='bbox 1287 5531 1436 5596; x_wconf 70' lang='lat' dir='ltr'>prouidens</span> <span class='ocrx_word' id='word_1_347' title='bbox 1454 5530 1595 5583; x_wconf 77' lang='lat' dir='ltr'>Numidiae</span> 
     </span>
    </p>
   </div>
   <div class='ocr_carea' id='block_1_22' title="bbox 0 0 2404 6400">
    <p class='ocr_par' dir='ltr' id='par_1_22' title="bbox 0 0 2404 6400">
     <span class='ocr_line' id='line_1_43' title="bbox 0 0 2404 6400; baseline 0 0"><span class='ocrx_word' id='word_1_348' title='bbox 0 0 2404 6400; x_wconf 95' lang='lat' dir='ltr'> </span> 
     </span>
    </p>
   </div>
  </div>
 </body>
</html>
