4800 6400
502 738 549 795 nn
565 734 829 796 conomsmavs
1199 735 1262 807 369
1693 738 1778 809 vm
1801 749 1820 810 4
1843 736 1946 810 8-’111

500 917 649 980 merentur,
673 918 706 970 ut
731 912 772 969 rei
793 911 925 983 publicae
946 914 1043 982 partes
1065 926 1118 982 pro
1138 910 1214 965 virili
1237 915 1324 983 captu
1346 928 1397 982 per
1419 911 1476 966 vim
1494 911 1622 968 laborum
1640 920 1797 984 procurent,
1815 915 1840 970 si
1858 914 1950 971 cursui

501 1000 663 1057 veredorum
680 999 793 1056 obnoxii
815 999 860 1055 vel
881 997 977 1069 pastui
997 996 1135 1069 primipili
1159 997 1292 1054 militiam
1320 997 1474 1063 clariorem,
1493 998 1573 1055 aditu
1591 999 1721 1056 obstricti
1738 1001 1854 1067 itineris,
1870 1017 1951 1058 occu·

500 1087 640 1158 paverint,
665 1086 708 1143 ita
728 1086 832 1141 infulas
854 1085 991 1141 adfectati
1013 1085 1125 1140 honoris
1146 1084 1290 1151 amittent,
1313 1089 1347 1140 ut
1369 1085 1566 1142 necessitatem
1588 1090 1717 1144 vetustae
1745 1088 1950 1160 procurationis

503 1177 666 1246 agnoscant
702 1172 795 1228 Liberi
814 1189 879 1226 vero
897 1189 992 1227 eorum
1009 1171 1033 1226 si
1051 1173 1088 1227 ab
1106 1171 1220 1228 ineunte
1239 1188 1309 1228 aevo
1327 1171 1443 1228 alterius
1465 1172 1569 1244 gradus
1592 1178 1767 1231 sacramenta
1789 1173 1949 1240 meruerint,

503 1264 639 1331 paternae
656 1259 831 1316 necessitatis
849 1258 1010 1315 condicione
1029 1276 1083 1314 non
1102 1258 1173 1314 alias
1191 1259 1354 1330 fatigentur,
1373 1277 1458 1329 quam
1475 1259 1500 1315 si
1517 1259 1610 1316 adbim
1632 1279 1679 1317 eos
1698 1260 1761 1327 loci,
1780 1279 1951 1332 quamquam
1990 1260 2001 1297 ⁵

501 1346 619 1413 altioris,
642 1351 736 1403 tamen
759 1345 894 1403 eiusmodi
916 1346 1062 1402 docebitur
1084 1345 1205 1402 retinere
1229 1363 1365 1411 mensura,
1384 1351 1417 1401 ut
1438 1364 1527 1417 parva
1548 1347 1718 1403 contumelia
1736 1347 1884 1420 dignitatis
1901 1365 1950 1419 pa·

473 1433 484 1486 l
502 1433 576 1490 terni
593 1433 714 1490 muneris
732 1432 887 1489 subdantur
905 1431 1035 1503 inpensis.
1115 1431 1151 1488 Et
1169 1432 1264 1502 quoad
1280 1431 1439 1487 huiusmodi
1457 1432 1582 1490 homines
1600 1433 1691 1489 iubis
1709 1432 1862 1507 provinciis
1879 1433 1950 1489 mili·

499 1519 610 1584 tabunt,
632 1536 703 1588 quas
724 1524 775 1576 aut
797 1519 935 1590 primipili
957 1523 1056 1590 pastus
1078 1523 1129 1574 aut
1152 1518 1303 1575 necessitas
1322 1518 1482 1575 veredarius
1501 1537 1555 1575 nou
1574 1521 1674 1593 adigat
1691 1520 1850 1586 functionis,
1868 1520 1947 1575 XXV

499 1623 546 1662 eos
561 1605 705 1677 stipendia
722 1624 741 1661 a
757 1623 829 1662 nexu
850 1605 963 1661 curialis
975 1604 1173 1661 nominationis
1190 1605 1353 1668 absolvant;
1372 1605 1468 1661 liberis
1480 1623 1575 1662 eorum
1593 1625 1627 1663 ea
1645 1606 1807 1663 condicione
1820 1607 1947 1662 obnoxiis

498 1691 672 1763 municipum
689 1692 839 1762 conplexui
856 1691 1052 1762 relinquendis,
1071 1691 1095 1745 si
1113 1690 1235 1746 militiae
1252 1691 1472 1748 detrectaverint
1489 1693 1672 1751 voluntatem.
1708 1692 1948 1751 Subscribsudarii
1978 1690 2002 1729 ¹⁰

501 1796 573 1846 vero,
594 1778 731 1836 tabularii
751 1779 887 1835 diurnarii
909 1779 1045 1851 logografi
1069 1779 1225 1843 censuales,
1249 1778 1273 1834 si
1295 1782 1325 1835 et
1351 1796 1434 1834 censu
1454 1778 1582 1850 opulenti
1600 1784 1682 1836 erunt
1700 1783 1730 1836 et
1748 1779 1948 1837 exercitatione

500 1865 758 1937 quantulacumque
776 1866 891 1930 eruditi,
912 1870 978 1938 post
998 1883 1139 1923 emensum
1155 1884 1256 1921 munus
1281 1883 1315 1921 ee
1332 1865 1493 1923 condicione
1513 1866 1597 1922 curiis
1620 1867 1816 1939 adgregentur,
1834 1866 1866 1934 si,
1886 1884 1949 1922 cnm

473 1947 532 2008 tin
556 1951 657 2009 officiis
682 1957 775 2009 essent
793 1953 950 2017 vilioribus,
970 1952 1050 2008 nulla
1067 1970 1113 2009 eos
1131 1951 1333 2024 suppliciorum
1350 1953 1462 2008 macula
1488 1953 1654 2025 turpaverit.
1758 1952 1796 2008 Et
1816 1952 1949 2024 quoniam

502 2039 642 2096 inlinitum
659 2045 702 2095 est
721 2039 826 2097 viritim
845 2045 947 2096 cuncta
965 2039 1114 2110 conplecti,
1132 2039 1185 2094 hoc
1204 2039 1285 2109 qnasi
1303 2039 1433 2111 generale
1452 2040 1593 2095 conclusio
1611 2039 1682 2111 legis
1699 2039 1899 2110 amplectitur,
1917 2043 1950 2095 ut

501 2126 670 2197 quicumque
688 2127 739 2183 alii
756 2126 816 2183 sine
833 2127 992 2182 defensioue
1010 2125 1217 2197 praedictorum
1235 2125 1449 2198 privilegiorum
1466 2126 1682 2197 inquibuslibet
1699 2125 1816 2182 urbibus
1834 2126 1947 2198 oppidis
1975 2123 1999 2162 ¹⁵

403 2203 487 2269 euti
502 2211 663 2284 municipiis
680 2213 883 2285 repperiantur,
902 2230 953 2284 pro
971 2217 1057 2283 captu
1082 2211 1183 2266 virium
1198 2214 1204 2280 Ι
1219 2217 1248 2268 et
1270 2211 1464 2268 mediocritate
1483 2230 1615 2270 censuum
1638 2211 1757 2268 curialia
1774 2212 1868 2269 officia
1884 2229 1951 2269 suae

501 2297 583 2354 sortis
605 2305 767 2371 agnoscant.
811 2317 844 2355 nr
861 2317 970 2355 onnus.
1007 2315 1068 2353 usn.
1086 2316 1119 2353 ιιι
1137 2315 1173 2353 m.
1192 2315 1251 2354 ιιι.
1270 2316 1476 2355 nsnnmuorom
1501 2315 1753 2354 urvo1ov1suoa¹r
1770 2314 1950 2353 vauaouuuo

503 2400 593 2441 conss.

591 2563 617 2615 Β

503 2683 517 2736 l
535 2642 581 2754 por
598 2684 663 2750 nim]
682 2685 787 2753 scripsi,
812 2685 900 2754 sperui
912 2684 937 2734 Β
1039 2680 1056 2734 2
1074 2683 1199 2736 obstructi
1251 2679 1358 2752 8quas]
1368 2683 1469 2752 scripsi,
1480 2701 1545 2752 quos
1555 2684 1580 2736 Β
1649 2682 1684 2737 10
1695 2681 1811 2749 militiae]
1824 2682 1947 2738 miliaell

503 2754 679 2823 Gothosrcdm
748 2756 852 2809 iteneris
864 2753 904 2804 R·
977 2749 1123 2820 islarius]
1141 2754 1199 2821 sor·
1303 2754 1503 2806 auscribendarii
1515 2753 1540 2805 Β
1646 2752 1677 2806 11
1696 2752 1829 2806 mtusles
1842 2750 1882 2804 B·

502 2832 568 2878 am
585 2824 686 2876 altioris
755 2820 912 2890 timentum]
927 2817 1112 2888 &odiosi-sclua,
1129 2839 1199 2875 men·
1253 2818 1286 2874 12
1303 2819 1407 2890 eruditi]
1426 2823 1526 2890 scripsi,
1543 2823 1696 2876 eruditionis
1708 2822 1734 2873 Β

502 2911 588 2948 suram
602 2893 627 2944 Β
730 2890 746 2944 Ί
764 2891 858 2960 quoad]
882 2892 975 2958 quosdi
985 2890 1011 2942 Β
1033 2892 1074 2942 ecl
1091 2890 1131 2941 Β·

1307 3032 1347 3041 ι--ι

402 3123 486 3197 fillo
503 3133 586 3202 (soei
604 3133 676 3189 eros
696 3132 767 3188 eres
785 3133 868 3189 nare.
881 3134 936 3202 aa).

587 3254 654 3292 ιιιιιιι
673 3256 718 3292 ιι.
732 3255 770 3291 ιι)
781 3254 892 3293 mosen
905 3238 1103 3305 plasmas-rvr)
1116 3238 1299 3307 eleimonrlo.
1335 3236 1492 3292 Secundum
1505 3235 1563 3291 divi
1574 3235 1678 3293 Iuliani
1696 3239 1806 3292 statuta
1822 3233 1951 3306 sportula

501 3321 567 3379 duci
585 3322 614 3377 in
632 3321 841 3395 quinquaginta
869 3324 976 3393 lib(ras)
1004 3323 1114 3396 argenti
1141 3340 1196 3378 non
1218 3323 1255 3378 ab
1276 3339 1332 3379 uno
1354 3322 1538 3394 primipilari,
1564 3323 1613 3379 sed
1636 3323 1673 3379 ab
1689 3321 1827 3378 universis
1843 3318 1952 3391 pariter

500 3408 639 3466 inferatur
655 3409 783 3480 nihilque
801 3411 922 3482 amplius
939 3410 1024 3467 duces
1041 3410 1185 3480 sportulae
1204 3408 1346 3464 sollemnis
1372 3413 1520 3479 praetextu
1544 3408 1851 3479 conenturexculpere.
1887 3422 1949 3462 usn.

501 3514 553 3551 vm
571 3513 635 3551 usu
654 3513 743 3551 suun.
763 3498 910 3565 susumus)
930 3513 1134 3552 vinsurismso
1152 3512 1184 3549 su
1203 3513 1326 3552 ιιιιιιιιιι
1345 3514 1391 3551 ιι.
1410 3513 1501 3552 conss.

591 3668 617 3719 Β

502 3787 521 3841 3
539 3792 710 3858 praetextolt
778 3792 796 3845 4
813 3793 900 3846 trina

403 4036 506 4104 1,4,1o
524 4034 587 4103 (eos
603 4034 686 4089 unc.
700 4034 753 4102 eo).

587 4155 654 4191 mins
677 4156 724 4192 ιι.
748 4155 785 4191 ιι)
808 4154 983 4191 ouscosnvu
1007 4137 1161 4206 vrc(is1)vu
1185 4154 1309 4191 asmona
1345 4135 1489 4207 Principes
1511 4153 1559 4192 seu
1582 4135 1779 4192 cornicularios
1798 4136 1951 4201 stationes,

502 4242 575 4293 qnae
593 4224 720 4294 personis
737 4223 794 4278 suis
811 4224 912 4280 merito
931 4224 1099 4288 deferuntur,
1117 4242 1171 4278 uon
1189 4222 1254 4278 aliis
1273 4224 1399 4288 vendere,
1417 4223 1466 4278 sed
1483 4222 1559 4294 ipsos
1572 4221 1748 4294 potissimum
1766 4222 1810 4278 bis
1828 4222 1944 4278 admini-

502 4310 696 4366 stratiunculis
719 4309 823 4381 perfrui
847 4310 980 4366 iubemus.
1024 4311 1102 4374 Quod
1124 4310 1147 4364 si
1169 4313 1234 4381 post
1253 4314 1365 4380 pastum
1383 4308 1520 4380 primipili
1544 4309 1578 4365 de
1601 4307 1645 4363 his
1663 4309 1827 4380 putaverint
1845 4308 1947 4363 nundi·
2057 4307 2060 4313 ’

501 4397 637 4461 nandum,
659 4414 714 4451 non
735 4396 818 4452 elteri
842 4414 927 4465 quam
949 4395 1125 4451 adiutoribus
1147 4396 1219 4462 suis,
1243 4400 1272 4452 et
1294 4399 1389 4453 tamen
1406 4396 1451 4450 his
1468 4394 1551 4467 ipsis,
1570 4396 1620 4465 qui
1636 4413 1788 4465 numquam
1806 4394 1946 4451 eiusmodi

501 4482 639 4539 stationes
657 4482 747 4554 egisse
764 4483 923 4546 doceantur,
942 4482 1068 4539 habeant
1080 4482 1241 4539 libertatem
1253 4481 1453 4552 licentiamque
1467 4481 1611 4538 vendendi
1648 4500 1709 4537 usn.
1728 4500 1759 4537 111
1777 4499 1945 4537 rsn.s1>u1n.
1988 4494 1999 4531 s

502 4571 681 4639 umbonum)
700 4586 905 4624 rumunnense
923 4586 955 4623 ar
973 4586 1096 4624 vicanus
1114 4588 1160 4624 ιι.
1180 4586 1269 4625 conss.

591 4746 616 4797 Β

502 4869 518 4921 1
537 4867 751 4922 oorcicularioslt
820 4866 837 4920 2
855 4868 1025 4936 potissimum]
1045 4868 1173 4933 Ouiaciroe,
1192 4869 1339 4937 potissimus
1354 4868 1379 4919 Β
1448 4867 1465 4919 3
1484 4866 1604 4936 perfuiR

765 5009 941 5016 --.-—---—...
959 5012 979 5015 Η,
1001 5011 1010 5015 ..
1025 5007 1638 5015 ‚.-..--.·--..-...⁴----.-.0-—-v—..-—...---—
1651 5004 1947 5012 ...Μ

403 5113 455 5181 ιι,
468 5115 499 5169 ιι
521 5106 603 5176 (eoos
622 5107 692 5162 ese?
710 5108 781 5163 ero?
800 5109 861 5163 ou.
875 5109 909 5176 a).

589 5224 657 5266 mnu
675 5231 722 5267 ιι
741 5229 821 5266 sueno
839 5230 990 5266 cousvnim
1009 5229 1115 5265 suumn.
1152 5210 1242 5266 Solita
1260 5209 1450 5265 cohortalibus
1464 5208 1560 5278 Syriae
1579 5207 1738 5279 privilegia,
1757 5224 1829 5276 quae
1847 5225 1865 5262 a
1883 5207 1947 5262 divo

501 5297 680 5355 Diocletiano
699 5303 828 5370 porrecta
845 5304 910 5355 sunt
929 5300 1019 5367 adque
1039 5315 1177 5365 concessa,
1195 5316 1245 5352 nos
1263 5314 1372 5366 quoque
1391 5296 1564 5367 porreximus
1582 5313 1614 5351 ac
1628 5295 1755 5351 iubemus
1773 5312 1819 5351 eos
1836 5312 1892 5349 non
1909 5296 1946 5349 ad

500 5383 722 5456 sollicitudinem
740 5387 884 5457 bastagas,
903 5402 957 5441 non
976 5385 1012 5440 ad
1031 5384 1203 5440 functionem
1222 5383 1425 5439 navicularium
1443 5383 1625 5444 devocandos,
1646 5399 1701 5436 non
1720 5379 1824 5437 invitos
1837 5380 1947 5435 curiali·

499 5561 518 5617 3
536 5570 662 5630 nangae
674 5562 699 5614 Β

606 5646 708 5701 Tmou.
721 5647 743 5701 Ι.
1709 5643 1743 5697 24
