4800 6400
460 726 507 778 un
524 721 764 775 rmmroumvs
780 722 826 773 nn
843 722 958 774 vomo
974 722 1077 774 nonus
1150 724 1214 786 549
1655 723 1688 788 x
1714 728 1752 789 10
1776 727 1903 791 31-34

459 898 556 953 mreat
579 890 741 963 impetratis
763 908 796 946 ac
822 889 973 963 possessori
997 891 1035 946 ad
1057 889 1173 962 propria
1194 890 1353 948 revertendi
1375 892 1497 948 facultas
1514 893 1605 950 libera
1622 894 1776 961 tribuatur,
1794 894 1841 950 cui
1859 896 1904 952 de

459 980 576 1039 sisteme
595 978 779 1052 competitore
797 979 904 1035 consuli
928 979 1055 1035 volumus
1073 978 1160 1035 etiam
1182 978 1217 1034 de
1235 978 1394 1049 sumptibus
1413 982 1443 1036 et
1456 979 1517 1036 litis
1534 981 1670 1052 expensis.
1706 984 1903 1053 r(so)r›(os1rs)

459 1085 491 1124 no
508 1084 578 1123 roso
595 1083 712 1122 rameru
729 1083 781 1120 vm
798 1083 862 1121 nan.
881 1082 1009 1121 mmm.
1028 1066 1171 1135 nouon(1o)
1190 1082 1242 1120 1111
1259 1082 1292 1120 ar
1309 1067 1481 1136 ennon(os10)
1499 1084 1518 1122 x
1536 1086 1583 1124 ss.
1601 1085 1690 1123 conss.

552 1245 577 1295 V

352 1455 393 1527 ro,
406 1455 441 1512 sn
457 1452 520 1523 (425
537 1450 603 1507 usi.
618 1451 668 1520 rs).

547 1573 604 1611 mr.
631 1571 797 1610 rasonoarvs
818 1573 845 1610 a.
864 1572 896 1609 m
918 1556 1165 1626 vsdmrmbuvs
1187 1573 1261 1613 cras.
1284 1574 1401 1613 vsnmro
1425 1558 1537 1626 coruum)
1560 1557 1673 1626 manu)
1696 1561 1909 1630 nlmvsrsnvrr).

460 1642 599 1701 Petitores
618 1641 753 1697 bonorum
770 1641 872 1713 partiri
890 1660 952 1697 cum
970 1641 1078 1698 aerario
1096 1648 1190 1699 nostro
1210 1642 1406 1714 praecipimus.
1442 1643 1483 1699 Ac
1501 1644 1526 1698 si
1543 1644 1606 1713 quis
1618 1645 1744 1716 exceptis
1755 1645 1825 1702 iuris
1837 1649 1907 1704 tem·

460 1731 571 1801 plorum
589 1727 809 1799 possessionibus
827 1728 873 1783 vel
894 1728 1140 1799 patrimonialibus
1163 1729 1406 1800 qualitercumque
1430 1729 1540 1799 aliquid
1563 1732 1600 1787 ad
1621 1735 1747 1787 nostrum
1770 1734 1908 1790 aerarium

462 1817 608 1889 pertinens
626 1820 738 1872 nostrae
756 1817 827 1870 nutu
845 1816 1011 1873 clementiae
1032 1816 1177 1881 meruerit,
1200 1821 1350 1888 postquam
1371 1817 1471 1885 efficax
1495 1818 1570 1887 quod
1592 1817 1796 1889 impetraverat
1813 1825 1908 1891 postn-

460 1903 553 1959 latnm
569 1902 611 1959 rei
629 1902 718 1973 ipsius
740 1906 843 1958 eventu
868 1901 1041 1968 constiterit,
1069 1921 1102 1959 ex
1126 1920 1218 1972 aequa
1244 1921 1307 1957 cum
1334 1901 1443 1959 aerario
1469 1903 1594 1962 dividere
1612 1910 1694 1976 parto
1712 1924 1767 1963 non
1784 1908 1906 1973 dubitet;
1946 1917 1958 1955 ⁵

461 1989 596 2046 videlicet
619 1987 744 2059 inpensis
766 1987 894 2043 omnibus
918 1988 978 2044 litis
1002 1994 1032 2045 et
1053 1989 1214 2060 sumptibus
1237 1988 1376 2060 inputntis
1400 2007 1434 2045 ec
1452 1990 1569 2061 petitori
1589 1991 1654 2047 dein
1672 2011 1780 2049 summa
1796 1994 1909 2068 integra

462 2075 626 2141 tribuendis,
645 2079 685 2140 ut,
704 2076 779 2145 quod
797 2094 864 2147 pure
883 2076 921 2131 ad
938 2081 1071 2146 quaestus
1088 2077 1149 2134 eius
1167 2077 1418 2148 compendiumque
1430 2077 1581 2143 devenerit,
1599 2077 1629 2133 in
1641 2078 1701 2136 eius
1712 2081 1811 2152 procul
1823 2082 1908 2138 dubio

462 2162 627 2218 societatem
654 2162 789 2219 admittet
815 2164 965 2229 aerarium,
988 2164 1066 2220 nullo
1094 2183 1129 2220 ex
1155 2164 1211 2230 his,
1239 2182 1311 2234 quae
1336 2166 1370 2221 de
1394 2165 1568 2236 temporibus
1589 2165 1758 2237 possidentis
1780 2168 1826 2222 vel
1844 2167 1907 2224 aliis

464 2248 553 2305 veteri
572 2248 767 2304 observatione
785 2254 815 2306 et
833 2249 1066 2320 competitionum
1083 2250 1254 2308 auctoritate
1273 2255 1338 2307 sunt
1355 2251 1471 2317 tradita,
1485 2252 1637 2320 deminuto,
1650 2253 1700 2308 sed
1717 2252 1746 2307 in
1758 2272 1810 2309 sua
1822 2253 1907 2310 omni·

464 2337 517 2392 bus
535 2335 695 2394 stabilitate
714 2337 887 2403 durantibus,
905 2338 985 2394 utin
1003 2338 1142 2395 delatores
1160 2356 1232 2408 quae
1250 2341 1294 2395 est
1311 2337 1401 2394 nihilo
1419 2338 1510 2394 minus
1522 2356 1612 2409 poena
1630 2341 1667 2404 et,
1685 2337 1710 2393 si
1727 2339 1787 2396 fieri
1804 2344 1907 2411 potest,
1935 2348 1961 2387 1⁰

431 2433 446 2487 1
466 2421 593 2479 acerbior
611 2426 747 2479 exeratur.
853 2423 926 2488 Quin
944 2428 973 2480 et
991 2423 1082 2488 iudex,
1100 2424 1158 2480 sive
1181 2422 1225 2479 vir
1246 2423 1373 2480 inlustris
1391 2442 1483 2480 comes
1503 2424 1544 2481 rei
1568 2424 1698 2495 privatae
1716 2423 1740 2480 is
1757 2425 1843 2482 luerit
1860 2444 1909 2482 seu

464 2508 626 2579 provinciae
643 2510 809 2574 moderator,
827 2508 1002 2581 integritatis
1019 2510 1117 2580 procul
1136 2509 1221 2565 dubio
1234 2509 1289 2567 erit
1305 2510 1453 2567 vehemens
1464 2510 1635 2577 observator,
1647 2511 1782 2580 quamdiu
1794 2511 1908 2582 privato

429 2593 557 2667 2iurgio
575 2594 673 2664 aequis
691 2595 867 2651 conflictibus
885 2597 1053 2653 decertatur.
1145 2596 1219 2652 Fisci
1237 2597 1325 2653 etiam
1343 2597 1475 2653 advocati
1491 2597 1681 2669 praecipimus
1699 2615 1796 2654 vocem
1812 2597 1842 2653 in
1859 2616 1910 2654 suo

462 2698 575 2737 manere
602 2680 727 2747 silentio,
754 2700 805 2739 uec
831 2685 942 2753 partem
968 2682 1076 2739 aerario
1103 2681 1273 2738 vindicantis
1297 2683 1424 2749 admitti,
1446 2683 1609 2753 priusquam
1636 2683 1695 2740 iure
1725 2685 1910 2757 cognitionali

464 2767 614 2832 sententia,
632 2785 717 2837 quam
735 2768 848 2838 quidem
866 2773 1014 2840 praesente
1028 2768 1097 2826 'fisci
1118 2774 1238 2840 patrono
1262 2770 1380 2840 prolerri
1397 2787 1431 2825 ac
1448 2769 1567 2826 tractari
1583 2770 1783 2842 praecipimus,
1801 2758 1910 2844 petitor
1936 2779 1960 2818 1⁵

465 2852 649 2909 certissimam
675 2854 822 2910 victoriam
847 2855 933 2911 fuerit
955 2857 1132 2911 consecutus:
1155 2855 1242 2910 etiam
1264 2854 1289 2909 si
1307 2854 1342 2910 lis
1360 2872 1394 2911 ex
1412 2855 1602 2912 transactione
1625 2860 1676 2912 aut
1696 2856 1826 2926 qualibet
1851 2858 1910 2914 alia

463 2939 573 2996 ratione
591 2940 676 2996 luerit
693 2940 795 3011 sopita,
814 2940 904 2996 modis
922 2940 1050 2996 omnibus
1067 2959 1146 2997 susm
1158 2959 1177 2996 a
1188 2941 1313 3012 petitore
1327 2931 1503 2997 vindicaturo
1515 2941 1623 2999 aerario
1636 2943 1801 3013 portionem,
1814 2962 1909 3014 quam·

465 3024 508 3080 vis
531 3025 618 3082 etiam
639 3027 774 3083 beneficio
803 3027 868 3097 quis
889 3027 1007 3098 speciali
1034 3027 1089 3082 sibi
1115 3027 1150 3083 de
1173 3026 1358 3084 universitate
1380 3027 1564 3098 praecaverit.
1601 3028 1735 3099 Alioquin
1756 3029 1863 3087 titubet
1880 3031 1910 3086 in

463 3111 588 3183 petitore
611 3113 770 3185 perceptio,
794 3114 817 3168 si
841 3115 884 3169 ius
908 3133 988 3169 suum
1010 3132 1065 3170 non
1088 3117 1197 3170 constet
1219 3113 1335 3170 aerario.
1377 3120 1909 3189 nsr.m1n.usr.cousraurmor(on1)

464 3201 635 3267 rnnonlosro)
654 3219 681 3255 s.
699 3218 730 3255 xr
746 3218 780 3257 m
797 3203 1025 3273 vulnerandum
1041 3218 1116 3257 oum.
1133 3218 1223 3257 corsa
1435 3200 1437 3205 ’
1937 3210 1963 3250 20

558 3372 584 3423 V

466 3497 606 3567 benonin]
627 3500 811 3567 Gothosredas,
829 3499 992 3553 euentumV
1068 3497 1161 3551 9con·
1216 3497 1249 3552 14
1267 3500 1430 3552 uindicandis
1449 3498 1485 3549 V¹

466 3571 631 3623 stitutionum
650 3571 827 3638 Gordosredus
923 3569 955 3621 ll
975 3570 1093 3621 aceruior
1106 3568 1131 3616 V

354 3806 399 3872 10,
413 3804 449 3861 33
468 3796 530 3864 (426
547 3796 613 3852 Deo.
625 3795 659 3849 27
679 3794 746 3864 [lan.
759 3794 804 3861 31).

559 3917 633 3955 nmr.
646 3899 834 3967 summumve)
847 3915 880 3952 m
892 3897 1138 3967 vsntaurmlsrvs
1150 3913 1197 3951 ss.
1210 3913 1249 3950 sn
1260 3911 1394 3950 sausuvu.
1430 3894 1577 3963 Nusquam
1589 3892 1730 3949 calumnia
1741 3896 1913 3964 perstrepet

466 3988 561 4043 nullus
587 3985 777 4042 innocentium
800 3986 974 4040 fortunarum
997 3984 1106 4039 delator
1130 3986 1268 4046 occurret;
1296 3981 1385 4037 stabit
1408 3981 1539 4053 legitima
1557 3980 1701 4036 servitutis
1717 3978 1914 4050 libertatisque

468 4072 615 4137 discretim
634 4071 697 4127 iura
715 4070 889 4126 dominorum
908 4087 1049 4126 servorum
1067 4087 1122 4124 non
1140 4068 1244 4139 inpune
1263 4067 1411 4123 rebellium
1428 4065 1607 4122 restitutione
1624 4065 1777 4131 sancimus;
1798 4066 1914 4137 patricii

468 4160 520 4215 fori
544 4159 697 4215 solidantes
720 4157 871 4228 privilegia
894 4155 1086 4211 inviolabilem
1110 4173 1223 4211 manere
1247 4153 1420 4209 decrevimus
1443 4152 1603 4208 trabeatum
1624 4151 1761 4221 quietem;
1790 4153 1913 4223 conpeti-

468 4252 561 4303 torum
578 4264 633 4302 non
651 4247 764 4300 tantum
777 4244 848 4299 vitia
861 4242 1066 4313 conprimimus,
1079 4243 1128 4298 sed
1140 4241 1233 4313 ipsum
1245 4239 1332 4296 etiam
1349 4258 1449 4295 nomen
1467 4239 1617 4295 abolemus.
1653 4256 1814 4293 erumnas.
1850 4255 1911 4293 usn.
1953 4248 1964 4287 ⁵

468 4352 498 4388 vr
516 4350 580 4387 nau.
599 4349 656 4386 mr.
676 4331 791 4399 somna)
811 4331 983 4398 rnaonlosro)
1002 4347 1043 4384 ιιι
1060 4348 1093 4384 nr
1111 4328 1334 4399 varlmvrmbuo
1351 4345 1373 4381 11
1390 4345 1437 4382 u.
1455 4343 1543 4381 conas.

561 4513 587 4562 V

468 4633 514 4701 415
531 4636 668 4703 petitorum
687 4634 723 4685 1⁷¹
825 4633 888 4685 aui
906 4633 959 4683 kal.
977 4627 1041 4696 iam]
1059 4630 1088 4680 iii
1105 4645 1165 4679 non.
1225 4624 1421 4676 Valentinianus
1448 4622 1546 4673 Romae
1570 4621 1623 4687 fuit
1648 4637 1672 4671 α.
1690 4623 1741 4671 426
1769 4618 1903 4684 incipiente

470 4706 523 4757 ian.
540 4706 628 4756 iuncta
650 4710 691 4770 10,
705 4708 773 4765 26,2
797 4704 850 4769 (nbi
867 4700 1002 4768 praecedit
1022 4700 1086 4767 prid.
1106 4715 1165 4748 non.
1219 4711 1300 4761 neque
1318 4702 1403 4744 tomen
1421 4700 1531 4744 extremo

470 4774 568 4841 Mart.);
587 4775 634 4827 boc
651 4791 740 4827 ceram
757 4790 809 4826 esse
833 4773 894 4824 inde
917 4769 1079 4836 intelleqitur,
1099 4766 1168 4833 quod

1578 4900 1673 4906 --.-...
1677 4899 1703 4904 -..
1708 4897 1912 4905 ,Μ

358 5012 401 5079 10,
416 5010 451 5068 34
470 5001 533 5072 (430
550 5001 628 5057 Febr.
642 5000 695 5069 22).

559 5123 626 5160 marr
648 5121 695 5158 ss.
718 5118 867 5157 rusussro
890 5100 1000 5168 cou(rr1)
1022 5097 1138 5165 mann)
1160 5091 1368 5161 morvanum).
1411 5089 1439 5144 Si
1457 5086 1520 5157 quis
1538 5104 1572 5142 ex
1590 5085 1642 5151 his,
1661 5084 1710 5153 qui
1728 5098 1806 5137 sacro
1823 5084 1917 5135 nostro

473 5193 603 5249 cubiculo
633 5190 770 5253 serviunt,
796 5188 833 5243 ad
859 5186 1024 5258 petitionem
1047 5184 1215 5239 caducorum
1242 5178 1278 5234 ad
1304 5178 1400 5232 fiscum
1423 5173 1622 5246 pertinentium
1640 5168 1835 5240 adspiraverit,
1853 5184 1917 5263 cum

471 5278 652 5351 impetrabile
671 5276 754 5331 huius
771 5274 857 5331 fuerit
874 5274 1058 5345 postulatum,
1077 5272 1151 5341 lege,
1171 5284 1228 5338 qua
1249 5282 1315 5336 pars
1338 5262 1456 5319 dimidia
1479 5259 1638 5315 vindicatur
1656 5255 1770 5319 ceramo,
1789 5256 1917 5325 protinus

473 5368 638 5424 absolvatur
662 5364 807 5435 primoque
829 5366 901 5417 nutu
923 5361 1035 5416 nostrae
1058 5354 1224 5413 clementiae
1248 5351 1347 5406 statim
1364 5349 1473 5420 integro
1492 5348 1664 5418 perfruatur,
1682 5360 1734 5399 nec
1751 5342 1862 5397 laboret
1880 5339 1916 5393 ad

471 5541 611 5597 duntoV
