<?xml version="1.0" encoding="UTF-8"?>
<!DOCTYPE html PUBLIC "-//W3C//DTD XHTML 1.0 Transitional//EN"
    "http://www.w3.org/TR/xhtml1/DTD/xhtml1-transitional.dtd">
<html xmlns="http://www.w3.org/1999/xhtml" xml:lang="en" lang="en">
 <head>
  <title>
</title>
<meta http-equiv="Content-Type" content="text/html;charset=utf-8" />
  <meta name='ocr-system' content='tesseract 3.04.00' />
  <meta name='ocr-capabilities' content='ocr_page ocr_carea ocr_par ocr_line ocrx_word'/>
</head>
<body>
  <div class='ocr_page' id='page_1' title='image "./theodosianilibr01sirmgoog_0386.png"; bbox 0 0 4800 6400; ppageno 0'>
   <div class='ocr_carea' id='block_1_1' title="bbox 572 711 2018 781">
    <p class='ocr_par' dir='ltr' id='par_1_1' title="bbox 572 711 2018 781">
     <span class='ocr_line' id='line_1_1' title="bbox 572 711 2018 781; baseline -0.01 0"><span class='ocrx_word' id='word_1_1' title='bbox 572 714 656 781; x_wconf 83' lang='lat' dir='ltr'><strong>VIII</strong></span> <span class='ocrx_word' id='word_1_2' title='bbox 678 720 697 780; x_wconf 83' lang='lat'>4</span> <span class='ocrx_word' id='word_1_3' title='bbox 722 716 850 781; x_wconf 80' lang='lat'><strong>28-30</strong></span> <span class='ocrx_word' id='word_1_4' title='bbox 1264 717 1327 780; x_wconf 82' lang='grc'><strong>374</strong></span> <span class='ocrx_word' id='word_1_5' title='bbox 1687 714 1734 768; x_wconf 85' lang='lat' dir='ltr'><strong>ua</strong></span> <span class='ocrx_word' id='word_1_6' title='bbox 1752 711 2018 769; x_wconf 77' lang='lat' dir='ltr'><strong>oosourenmvs</strong></span> 
     </span>
    </p>
   </div>
   <div class='ocr_carea' id='block_1_2' title="bbox 570 881 2020 1478">
    <p class='ocr_par' dir='ltr' id='par_1_2' title="bbox 570 881 1881 1044">
     <span class='ocr_line' id='line_1_2' title="bbox 570 881 1881 992; baseline -0.002 -48"><span class='ocrx_word' id='word_1_7' title='bbox 570 907 632 944; x_wconf 90' lang='lat' dir='ltr'><strong>rum</strong></span> <span class='ocrx_word' id='word_1_8' title='bbox 658 904 770 943; x_wconf 90' lang='lat' dir='ltr'><strong>suorum</strong></span> <span class='ocrx_word' id='word_1_9' title='bbox 795 886 925 956; x_wconf 85' lang='lat' dir='ltr'><strong>exempla</strong></span> <span class='ocrx_word' id='word_1_10' title='bbox 951 881 1153 955; x_wconf 88' lang='lat' dir='ltr'><strong>praeiudicant.</strong></span> <span class='ocrx_word' id='word_1_11' title='bbox 1175 885 1187 954; x_wconf 76' lang='lat' dir='ltr'>n</span> <span class='ocrx_word' id='word_1_12' title='bbox 1207 884 1290 950; x_wconf 82' lang='lat' dir='ltr'>Dein,</span> <span class='ocrx_word' id='word_1_13' title='bbox 1312 885 1335 939; x_wconf 89' lang='lat' dir='ltr'><strong>si</strong></span> <span class='ocrx_word' id='word_1_14' title='bbox 1356 884 1418 954; x_wconf 89' lang='lat' dir='ltr'><strong>quis</strong></span> <span class='ocrx_word' id='word_1_15' title='bbox 1436 887 1652 942; x_wconf 88' lang='lat' dir='ltr'><strong>memoratarum</strong></span> <span class='ocrx_word' id='word_1_16' title='bbox 1700 889 1797 992; x_wconf 67' lang='lat' dir='ltr'><strong>&#39;llfius&#39;t</strong></span> <span class='ocrx_word' id='word_1_17' title='bbox 1811 902 1881 942; x_wconf 68' lang='grc' dir='ltr'><strong>ηπ.</strong></span> 
     </span>
     <span class='ocr_line' id='line_1_3' title="bbox 571 970 1651 1044; baseline -0.001 -14"><span class='ocrx_word' id='word_1_18' title='bbox 571 974 765 1030; x_wconf 85' lang='lat' dir='ltr'><strong>condicionum</strong></span> <span class='ocrx_word' id='word_1_19' title='bbox 787 972 895 1043; x_wconf 85' lang='lat' dir='ltr'><strong>laqueis</strong></span> <span class='ocrx_word' id='word_1_20' title='bbox 916 971 1047 1028; x_wconf 89' lang='lat' dir='ltr'><strong>inretitus</strong></span> <span class='ocrx_word' id='word_1_21' title='bbox 1064 971 1102 1027; x_wconf 89' lang='lat' dir='ltr'><strong>ad</strong></span> <span class='ocrx_word' id='word_1_22' title='bbox 1117 970 1251 1028; x_wconf 91' lang='lat' dir='ltr'><strong>militiam</strong></span> <span class='ocrx_word' id='word_1_23' title='bbox 1268 975 1407 1028; x_wconf 88' lang='lat' dir='ltr'><strong>armatam</strong></span> <span class='ocrx_word' id='word_1_24' title='bbox 1428 991 1479 1044; x_wconf 90' lang='lat' dir='ltr'><strong>per</strong></span> <span class='ocrx_word' id='word_1_25' title='bbox 1496 971 1651 1043; x_wconf 89' lang='lat' dir='ltr'><strong>subreptio·</strong></span> 
     </span>
    </p>

    <p class='ocr_par' dir='ltr' id='par_1_3' title="bbox 570 1056 2020 1478">
     <span class='ocr_line' id='line_1_4' title="bbox 570 1056 2018 1131; baseline 0 -13"><span class='ocrx_word' id='word_1_26' title='bbox 570 1081 634 1119; x_wconf 87' lang='lat' dir='ltr'><strong>nem</strong></span> <span class='ocrx_word' id='word_1_27' title='bbox 652 1061 697 1118; x_wconf 90' lang='lat' dir='ltr'><strong>vel</strong></span> <span class='ocrx_word' id='word_1_28' title='bbox 715 1058 857 1115; x_wconf 91' lang='lat' dir='ltr'><strong>inlicitum</strong></span> <span class='ocrx_word' id='word_1_29' title='bbox 873 1057 1060 1130; x_wconf 74' lang='lat' dir='ltr'><strong>patrocinium</strong></span> <span class='ocrx_word' id='word_1_30' title='bbox 1077 1056 1221 1115; x_wconf 90' lang='lat' dir='ltr'><strong>transierit</strong></span> <span class='ocrx_word' id='word_1_31' title='bbox 1239 1061 1268 1114; x_wconf 90' lang='lat' dir='ltr'><strong>st</strong></span> <span class='ocrx_word' id='word_1_32' title='bbox 1286 1058 1315 1113; x_wconf 96' lang='lat' dir='ltr'><strong>id</strong></span> <span class='ocrx_word' id='word_1_33' title='bbox 1333 1057 1418 1124; x_wconf 87' lang='lat' dir='ltr'><strong>ouria,</strong></span> <span class='ocrx_word' id='word_1_34' title='bbox 1437 1077 1471 1115; x_wconf 85' lang='lat' dir='ltr'><strong>ex</strong></span> <span class='ocrx_word' id='word_1_35' title='bbox 1489 1075 1545 1127; x_wconf 87' lang='lat' dir='ltr'><strong>qua</strong></span> <span class='ocrx_word' id='word_1_36' title='bbox 1563 1057 1618 1115; x_wconf 90' lang='lat' dir='ltr'><strong>tiro</strong></span> <span class='ocrx_word' id='word_1_37' title='bbox 1631 1063 1708 1116; x_wconf 88' lang='lat' dir='ltr'><strong>ortus</strong></span> <span class='ocrx_word' id='word_1_38' title='bbox 1722 1063 1774 1126; x_wconf 86' lang='lat' dir='ltr'><strong>est,</strong></span> <span class='ocrx_word' id='word_1_39' title='bbox 1786 1077 1838 1131; x_wconf 88' lang='lat' dir='ltr'><strong>per</strong></span> <span class='ocrx_word' id='word_1_40' title='bbox 1849 1060 2018 1118; x_wconf 86' lang='lat' dir='ltr'><strong>decennium</strong></span> 
     </span>
     <span class='ocr_line' id='line_1_5' title="bbox 571 1143 2019 1221; baseline 0.002 -18"><span class='ocrx_word' id='word_1_41' title='bbox 571 1147 676 1221; x_wconf 86' lang='lat' dir='ltr'><strong>iugiter</strong></span> <span class='ocrx_word' id='word_1_42' title='bbox 692 1144 810 1211; x_wconf 86' lang='lat' dir='ltr'><strong>siluerit,</strong></span> <span class='ocrx_word' id='word_1_43' title='bbox 827 1149 860 1201; x_wconf 91' lang='lat' dir='ltr'><strong>nt</strong></span> <span class='ocrx_word' id='word_1_44' title='bbox 878 1144 909 1210; x_wconf 88' lang='lat' dir='ltr'><strong>is,</strong></span> <span class='ocrx_word' id='word_1_45' title='bbox 928 1143 977 1215; x_wconf 89' lang='lat' dir='ltr'><strong>qui</strong></span> <span class='ocrx_word' id='word_1_46' title='bbox 995 1143 1024 1199; x_wconf 92' lang='lat' dir='ltr'><strong>in</strong></span> <span class='ocrx_word' id='word_1_47' title='bbox 1041 1143 1141 1199; x_wconf 88' lang='lat' dir='ltr'><strong>castris</strong></span> <span class='ocrx_word' id='word_1_48' title='bbox 1158 1143 1218 1201; x_wconf 90' lang='lat' dir='ltr'><strong>sine</strong></span> <span class='ocrx_word' id='word_1_49' title='bbox 1235 1144 1332 1215; x_wconf 89' lang='lat' dir='ltr'><strong>aliqua</strong></span> <span class='ocrx_word' id='word_1_50' title='bbox 1350 1145 1479 1202; x_wconf 78' lang='lat' dir='ltr'><strong>fortunae</strong></span> <span class='ocrx_word' id='word_1_51' title='bbox 1498 1144 1636 1217; x_wconf 74' lang='lat' dir='ltr'><strong>pristinae</strong></span> <span class='ocrx_word' id='word_1_52' title='bbox 1648 1145 1831 1205; x_wconf 85' lang='lat' dir='ltr'><strong>conventione</strong></span> <span class='ocrx_word' id='word_1_53' title='bbox 1843 1146 2019 1206; x_wconf 74' lang='lat' dir='ltr'><strong>incessanter</strong></span> 
     </span>
     <span class='ocr_line' id='line_1_6' title="bbox 570 1230 2020 1306; baseline 0.002 -17"><span class='ocrx_word' id='word_1_54' title='bbox 570 1232 714 1306; x_wconf 88' lang='lat' dir='ltr'><strong>stipendia</strong></span> <span class='ocrx_word' id='word_1_55' title='bbox 739 1231 871 1289; x_wconf 87' lang='lat' dir='ltr'><strong>meruerit</strong></span> <span class='ocrx_word' id='word_1_56' title='bbox 897 1231 1045 1303; x_wconf 88' lang='lat' dir='ltr'><strong>designata</strong></span> <span class='ocrx_word' id='word_1_57' title='bbox 1072 1230 1127 1287; x_wconf 91' lang='lat' dir='ltr'><strong>sihi</strong></span> <span class='ocrx_word' id='word_1_58' title='bbox 1154 1235 1184 1288; x_wconf 89' lang='lat' dir='ltr'><strong>et</strong></span> <span class='ocrx_word' id='word_1_59' title='bbox 1211 1237 1322 1289; x_wconf 89' lang='lat' dir='ltr'><strong>strenue</strong></span> <span class='ocrx_word' id='word_1_60' title='bbox 1353 1232 1493 1304; x_wconf 81' lang='lat' dir='ltr'><strong>susceptis</strong></span> <span class='ocrx_word' id='word_1_61' title='bbox 1516 1233 1602 1289; x_wconf 77' lang='lat' dir='ltr'><strong>mmis</strong></span> <span class='ocrx_word' id='word_1_62' title='bbox 1623 1232 1804 1300; x_wconf 72' lang='lat' dir='ltr'><strong>insudaverit,</strong></span> <span class='ocrx_word' id='word_1_63' title='bbox 1821 1233 1938 1292; x_wconf 87' lang='lat' dir='ltr'><strong>minime</strong></span> <span class='ocrx_word' id='word_1_64' title='bbox 1955 1253 2020 1292; x_wconf 87' lang='lat' dir='ltr'><strong>ooa-</strong></span> 
     </span>
     <span class='ocr_line' id='line_1_7' title="bbox 572 1317 2020 1391; baseline 0.002 -15"><span class='ocrx_word' id='word_1_65' title='bbox 572 1320 701 1378; x_wconf 76' lang='lat' dir='ltr'><strong>veniatur</strong></span> <span class='ocrx_word' id='word_1_66' title='bbox 719 1319 843 1384; x_wconf 80' lang='lat' dir='ltr'><strong>nltsrim,</strong></span> <span class='ocrx_word' id='word_1_67' title='bbox 861 1318 910 1375; x_wconf 85' lang='lat' dir='ltr'><strong>sed</strong></span> <span class='ocrx_word' id='word_1_68' title='bbox 927 1317 1078 1390; x_wconf 88' lang='lat' dir='ltr'><strong>privilegia</strong></span> <span class='ocrx_word' id='word_1_69' title='bbox 1095 1322 1125 1374; x_wconf 89' lang='lat' dir='ltr'><strong>et</strong></span> <span class='ocrx_word' id='word_1_70' title='bbox 1143 1317 1269 1390; x_wconf 86' lang='lat' dir='ltr'><strong>praemia</strong></span> <span class='ocrx_word' id='word_1_71' title='bbox 1288 1318 1340 1374; x_wconf 90' lang='lat' dir='ltr'><strong>viri</strong></span> <span class='ocrx_word' id='word_1_72' title='bbox 1357 1318 1438 1374; x_wconf 83' lang='lat' dir='ltr'><strong>fortis</strong></span> <span class='ocrx_word' id='word_1_73' title='bbox 1456 1322 1596 1391; x_wconf 80' lang='lat' dir='ltr'><strong>expectet.</strong></span> <span class='ocrx_word' id='word_1_74' title='bbox 1629 1336 1661 1374; x_wconf 84' lang='lat' dir='ltr'><strong>rr</strong></span> <span class='ocrx_word' id='word_1_75' title='bbox 1680 1337 1790 1376; x_wconf 75' lang='lat' dir='ltr'><strong>umsas.</strong></span> <span class='ocrx_word' id='word_1_76' title='bbox 1822 1338 1884 1377; x_wconf 78' lang='lat' dir='ltr'><strong>aar.</strong></span> <span class='ocrx_word' id='word_1_77' title='bbox 1901 1338 1942 1376; x_wconf 86' lang='lat' dir='ltr'><strong>xv</strong></span> <span class='ocrx_word' id='word_1_78' title='bbox 1954 1339 2020 1379; x_wconf 76' lang='lat' dir='ltr'><strong>na</strong></span> 
     </span>
     <span class='ocr_line' id='line_1_8' title="bbox 572 1406 1600 1478; baseline -0.001 -15"><span class='ocrx_word' id='word_1_79' title='bbox 572 1425 629 1464; x_wconf 81' lang='lat' dir='ltr'><strong>ms.</strong></span> <span class='ocrx_word' id='word_1_80' title='bbox 647 1406 933 1478; x_wconf 55' lang='lat' dir='ltr'><strong>cossdssrnvomou)</strong></span> <span class='ocrx_word' id='word_1_81' title='bbox 951 1423 1147 1461; x_wconf 69' lang='lat' dir='ltr'><strong>musmonem</strong></span> <span class='ocrx_word' id='word_1_82' title='bbox 1164 1423 1197 1460; x_wconf 81' lang='lat' dir='ltr'><strong>sc</strong></span> <span class='ocrx_word' id='word_1_83' title='bbox 1214 1423 1372 1463; x_wconf 73' lang='lat' dir='ltr'><strong>salamirus</strong></span> <span class='ocrx_word' id='word_1_84' title='bbox 1390 1425 1435 1462; x_wconf 88' lang='lat' dir='ltr'><strong>vv.</strong></span> <span class='ocrx_word' id='word_1_85' title='bbox 1455 1424 1493 1462; x_wconf 90' lang='lat' dir='ltr'><strong>cc.</strong></span> <span class='ocrx_word' id='word_1_86' title='bbox 1511 1424 1600 1463; x_wconf 84' lang='lat' dir='ltr'><strong>cosas.</strong></span> 
     </span>
    </p>
   </div>
   <div class='ocr_carea' id='block_1_3' title="bbox 573 1615 1151 1806">
    <p class='ocr_par' dir='ltr' id='par_1_4' title="bbox 573 1615 1151 1806">
     <span class='ocr_line' id='line_1_9' title="bbox 658 1615 1009 1685; baseline 0 -14"><span class='ocrx_word' id='word_1_87' title='bbox 658 1618 691 1671; x_wconf 82' lang='lat' dir='ltr'><strong>B.</strong></span> <span class='ocrx_word' id='word_1_88' title='bbox 710 1644 743 1658; x_wconf 90' lang='lat'>-</span> <span class='ocrx_word' id='word_1_89' title='bbox 760 1615 1009 1685; x_wconf 77' lang='lat' dir='ltr'><strong>svsr.12,5s,12.</strong></span> 
     </span>
     <span class='ocr_line' id='line_1_10' title="bbox 573 1736 1151 1806; baseline -0.005 -13"><span class='ocrx_word' id='word_1_90' title='bbox 573 1739 590 1794; x_wconf 86' lang='lat'><strong>5</strong></span> <span class='ocrx_word' id='word_1_91' title='bbox 606 1741 657 1793; x_wconf 89' lang='lat' dir='ltr'><strong>sibi</strong></span> <span class='ocrx_word' id='word_1_92' title='bbox 673 1739 709 1806; x_wconf 86' lang='lat' dir='ltr'><strong>etl</strong></span> <span class='ocrx_word' id='word_1_93' title='bbox 727 1738 826 1806; x_wconf 67' lang='lat' dir='ltr'><strong>waigri,</strong></span> <span class='ocrx_word' id='word_1_94' title='bbox 844 1745 883 1792; x_wconf 89' lang='lat' dir='ltr'><strong>est</strong></span> <span class='ocrx_word' id='word_1_95' title='bbox 899 1745 926 1791; x_wconf 89' lang='lat' dir='ltr'><strong>et</strong></span> <span class='ocrx_word' id='word_1_96' title='bbox 936 1738 970 1805; x_wconf 81' lang='lat' dir='ltr'><strong>B,</strong></span> <span class='ocrx_word' id='word_1_97' title='bbox 987 1746 1013 1791; x_wconf 88' lang='lat' dir='ltr'><strong>et</strong></span> <span class='ocrx_word' id='word_1_98' title='bbox 1027 1736 1151 1791; x_wconf 62' lang='lat' dir='ltr'><strong>Oreades</strong></span> 
     </span>
    </p>
   </div>
   <div class='ocr_carea' id='block_1_4' title="bbox 1813 1901 2021 1913">
    <p class='ocr_par' dir='ltr' id='par_1_5' title="bbox 1813 1901 2021 1913">
     <span class='ocr_line' id='line_1_11' title="bbox 1813 1901 2021 1913; baseline 0 -2"><span class='ocrx_word' id='word_1_99' title='bbox 1813 1901 2021 1913; x_wconf 78' lang='lat'>——-—-.</span> 
     </span>
    </p>
   </div>
   <div class='ocr_carea' id='block_1_5' title="bbox 423 2011 787 2084">
    <p class='ocr_par' dir='ltr' id='par_1_6' title="bbox 423 2011 787 2084">
     <span class='ocr_line' id='line_1_12' title="bbox 423 2011 787 2084; baseline 0.005 -16"><span class='ocrx_word' id='word_1_100' title='bbox 423 2011 577 2080; x_wconf 77' lang='lat' dir='ltr'><strong>vl11,4‚29</strong></span> <span class='ocrx_word' id='word_1_101' title='bbox 594 2013 655 2084; x_wconf 79' lang='lat'>(428</span> <span class='ocrx_word' id='word_1_102' title='bbox 672 2014 787 2083; x_wconf 87' lang='lat' dir='ltr'><strong>1u1.10).</strong></span> 
     </span>
    </p>
   </div>
   <div class='ocr_carea' id='block_1_6' title="bbox 422 2120 2022 2883">
    <p class='ocr_par' dir='ltr' id='par_1_7' title="bbox 658 2120 2022 2192">
     <span class='ocr_line' id='line_1_13' title="bbox 658 2120 2022 2192; baseline 0.005 -19"><span class='ocrx_word' id='word_1_103' title='bbox 658 2135 732 2173; x_wconf 79' lang='lat' dir='ltr'><strong>mss.</strong></span> <span class='ocrx_word' id='word_1_104' title='bbox 745 2133 911 2172; x_wconf 84' lang='lat' dir='ltr'><strong>rssooosrvs</strong></span> <span class='ocrx_word' id='word_1_105' title='bbox 923 2133 956 2172; x_wconf 79' lang='lat' dir='ltr'><strong>rr</strong></span> <span class='ocrx_word' id='word_1_106' title='bbox 974 2132 1195 2172; x_wconf 69' lang='lat' dir='ltr'><strong>summissus</strong></span> <span class='ocrx_word' id='word_1_107' title='bbox 1213 2137 1259 2174; x_wconf 75' lang='lat' dir='ltr'><strong>si.</strong></span> <span class='ocrx_word' id='word_1_108' title='bbox 1278 2135 1426 2175; x_wconf 77' lang='lat' dir='ltr'><strong>messano</strong></span> <span class='ocrx_word' id='word_1_109' title='bbox 1443 2120 1617 2190; x_wconf 73' lang='lat' dir='ltr'><strong>stamnum)</strong></span> <span class='ocrx_word' id='word_1_110' title='bbox 1633 2120 1814 2190; x_wconf 56' lang='lat' dir='ltr'><strong>simmaco.</strong></span> <span class='ocrx_word' id='word_1_111' title='bbox 1850 2121 1882 2188; x_wconf 89' lang='lat' dir='ltr'><strong>li,</strong></span> <span class='ocrx_word' id='word_1_112' title='bbox 1901 2141 2022 2192; x_wconf 89' lang='lat' dir='ltr'><strong>quorum</strong></span> 
     </span>
    </p>

    <p class='ocr_par' dir='ltr' id='par_1_8' title="bbox 573 2203 2021 2280">
     <span class='ocr_line' id='line_1_14' title="bbox 573 2203 2021 2280; baseline 0.004 -18"><span class='ocrx_word' id='word_1_113' title='bbox 573 2205 686 2262; x_wconf 89' lang='lat' dir='ltr'><strong>nomina</strong></span> <span class='ocrx_word' id='word_1_114' title='bbox 703 2204 887 2261; x_wconf 84' lang='lat' dir='ltr'><strong>excellentiae</strong></span> <span class='ocrx_word' id='word_1_115' title='bbox 904 2207 971 2260; x_wconf 88' lang='lat' dir='ltr'><strong>tuac</strong></span> <span class='ocrx_word' id='word_1_116' title='bbox 988 2203 1131 2276; x_wconf 77' lang='lat' dir='ltr'><strong>suggestio</strong></span> <span class='ocrx_word' id='word_1_117' title='bbox 1149 2205 1359 2276; x_wconf 85' lang='lat' dir='ltr'><strong>conprehendit,</strong></span> <span class='ocrx_word' id='word_1_118' title='bbox 1378 2223 1539 2275; x_wconf 87' lang='lat' dir='ltr'><strong>omnesque,</strong></span> <span class='ocrx_word' id='word_1_119' title='bbox 1558 2205 1607 2276; x_wconf 89' lang='lat' dir='ltr'><strong>qui</strong></span> <span class='ocrx_word' id='word_1_120' title='bbox 1630 2225 1665 2262; x_wconf 88' lang='lat' dir='ltr'><strong>ex</strong></span> <span class='ocrx_word' id='word_1_121' title='bbox 1688 2205 1883 2279; x_wconf 87' lang='lat' dir='ltr'><strong>primipilariis</strong></span> <span class='ocrx_word' id='word_1_122' title='bbox 1901 2227 1935 2267; x_wconf 84' lang='lat' dir='ltr'><strong>ex</strong></span> <span class='ocrx_word' id='word_1_123' title='bbox 1953 2228 2021 2280; x_wconf 76' lang='lat' dir='ltr'><strong>qua</strong></span> 
     </span>
    </p>

    <p class='ocr_par' dir='ltr' id='par_1_9' title="bbox 575 2289 2022 2365">
     <span class='ocr_line' id='line_1_15' title="bbox 575 2289 2022 2365; baseline 0.004 -16"><span class='ocrx_word' id='word_1_124' title='bbox 575 2309 696 2362; x_wconf 88' lang='lat' dir='ltr'><strong>cumque</strong></span> <span class='ocrx_word' id='word_1_125' title='bbox 715 2290 861 2362; x_wconf 89' lang='lat' dir='ltr'><strong>provincia</strong></span> <span class='ocrx_word' id='word_1_126' title='bbox 878 2289 1036 2360; x_wconf 87' lang='lat' dir='ltr'><strong>quamlibet</strong></span> <span class='ocrx_word' id='word_1_127' title='bbox 1052 2289 1187 2347; x_wconf 88' lang='lat' dir='ltr'><strong>militiam</strong></span> <span class='ocrx_word' id='word_1_128' title='bbox 1205 2296 1302 2348; x_wconf 85' lang='lat' dir='ltr'><strong>contre</strong></span> <span class='ocrx_word' id='word_1_129' title='bbox 1324 2292 1435 2349; x_wconf 89' lang='lat' dir='ltr'><strong>licitum</strong></span> <span class='ocrx_word' id='word_1_130' title='bbox 1453 2298 1713 2365; x_wconf 86' lang='lat' dir='ltr'><strong>praesumpserunt,</strong></span> <span class='ocrx_word' id='word_1_131' title='bbox 1735 2292 1847 2350; x_wconf 77' lang='lat' dir='ltr'><strong>etiami</strong></span> <span class='ocrx_word' id='word_1_132' title='bbox 1865 2294 2022 2355; x_wconf 81' lang='lat' dir='ltr'><strong>obtinuisse</strong></span> 
     </span>
    </p>

    <p class='ocr_par' dir='ltr' id='par_1_10' title="bbox 575 2375 2022 2453">
     <span class='ocr_line' id='line_1_16' title="bbox 575 2375 2022 2453; baseline 0.004 -19"><span class='ocrx_word' id='word_1_133' title='bbox 575 2397 639 2435; x_wconf 88' lang='lat' dir='ltr'><strong>eam</strong></span> <span class='ocrx_word' id='word_1_134' title='bbox 665 2376 783 2450; x_wconf 89' lang='lat' dir='ltr'><strong>speciali</strong></span> <span class='ocrx_word' id='word_1_135' title='bbox 802 2375 990 2446; x_wconf 12' lang='lat' dir='ltr'><strong>&gt;adnotatione</strong></span> <span class='ocrx_word' id='word_1_136' title='bbox 1017 2380 1129 2434; x_wconf 87' lang='lat' dir='ltr'><strong>nostrae</strong></span> <span class='ocrx_word' id='word_1_137' title='bbox 1157 2376 1351 2452; x_wconf 87' lang='lat' dir='ltr'><strong>indulgentiae</strong></span> <span class='ocrx_word' id='word_1_138' title='bbox 1378 2378 1537 2445; x_wconf 88' lang='lat' dir='ltr'><strong>videantur,</strong></span> <span class='ocrx_word' id='word_1_139' title='bbox 1565 2379 1682 2451; x_wconf 82' lang='lat' dir='ltr'><strong>spoliati</strong></span> <span class='ocrx_word' id='word_1_140' title='bbox 1704 2378 1819 2453; x_wconf 89' lang='lat' dir='ltr'><strong>cingulo</strong></span> <span class='ocrx_word' id='word_1_141' title='bbox 1841 2379 1879 2436; x_wconf 81' lang='lat' dir='ltr'><strong>ad</strong></span> <span class='ocrx_word' id='word_1_142' title='bbox 1900 2380 2022 2452; x_wconf 84' lang='lat' dir='ltr'><strong>priorem</strong></span> 
     </span>
    </p>

    <p class='ocr_par' dir='ltr' id='par_1_11' title="bbox 574 2461 2020 2539">
     <span class='ocr_line' id='line_1_17' title="bbox 574 2461 2020 2539; baseline 0.002 -17"><span class='ocrx_word' id='word_1_143' title='bbox 574 2470 681 2522; x_wconf 87' lang='lat' dir='ltr'><strong>statum</strong></span> <span class='ocrx_word' id='word_1_144' title='bbox 698 2467 728 2521; x_wconf 91' lang='lat' dir='ltr'><strong>et</strong></span> <span class='ocrx_word' id='word_1_145' title='bbox 745 2461 935 2520; x_wconf 89' lang='lat' dir='ltr'><strong>condicionem</strong></span> <span class='ocrx_word' id='word_1_146' title='bbox 953 2462 1102 2534; x_wconf 85' lang='lat' dir='ltr'><strong>pristinem</strong></span> <span class='ocrx_word' id='word_1_147' title='bbox 1118 2470 1295 2532; x_wconf 85' lang='lat' dir='ltr'><strong>revocentur,</strong></span> <span class='ocrx_word' id='word_1_148' title='bbox 1322 2465 1398 2522; x_wconf 91' lang='lat' dir='ltr'><strong>omni</strong></span> <span class='ocrx_word' id='word_1_149' title='bbox 1415 2464 1496 2522; x_wconf 90' lang='lat' dir='ltr'><strong>aditu</strong></span> <span class='ocrx_word' id='word_1_150' title='bbox 1519 2464 1671 2523; x_wconf 86' lang='lat' dir='ltr'><strong>cuiuslibet</strong></span> <span class='ocrx_word' id='word_1_151' title='bbox 1696 2465 1846 2539; x_wconf 72' lang='lat' dir='ltr'><strong>dignitatis</strong></span> <span class='ocrx_word' id='word_1_152' title='bbox 1862 2465 1906 2524; x_wconf 88' lang='lat' dir='ltr'><strong>ita</strong></span> <span class='ocrx_word' id='word_1_153' title='bbox 1922 2466 2020 2525; x_wconf 87' lang='lat' dir='ltr'><strong>huius·</strong></span> 
     </span>
    </p>

    <p class='ocr_par' dir='ltr' id='par_1_12' title="bbox 576 2549 2021 2623">
     <span class='ocr_line' id='line_1_18' title="bbox 576 2549 2021 2623; baseline 0.003 -17"><span class='ocrx_word' id='word_1_154' title='bbox 576 2550 653 2607; x_wconf 93' lang='lat' dir='ltr'><strong>modi</strong></span> <span class='ocrx_word' id='word_1_155' title='bbox 670 2549 827 2607; x_wconf 90' lang='lat' dir='ltr'><strong>condicioni</strong></span> <span class='ocrx_word' id='word_1_156' title='bbox 845 2550 999 2622; x_wconf 87' lang='lat' dir='ltr'><strong>praecluso,</strong></span> <span class='ocrx_word' id='word_1_157' title='bbox 1018 2553 1121 2606; x_wconf 89' lang='lat' dir='ltr'><strong>utnon</strong></span> <span class='ocrx_word' id='word_1_158' title='bbox 1139 2552 1230 2607; x_wconf 89' lang='lat' dir='ltr'><strong>solum</strong></span> <span class='ocrx_word' id='word_1_159' title='bbox 1247 2551 1407 2623; x_wconf 78' lang='lat' dir='ltr'><strong>impetretis</strong></span> <span class='ocrx_word' id='word_1_160' title='bbox 1431 2551 1488 2608; x_wconf 89' lang='lat' dir='ltr'><strong>iam</strong></span> <span class='ocrx_word' id='word_1_161' title='bbox 1504 2551 1647 2608; x_wconf 86' lang='lat' dir='ltr'><strong>beneficiis</strong></span> <span class='ocrx_word' id='word_1_162' title='bbox 1665 2553 1792 2619; x_wconf 68' lang='lat' dir='ltr'><strong>caream,</strong></span> <span class='ocrx_word' id='word_1_163' title='bbox 1811 2571 1908 2610; x_wconf 89' lang='lat' dir='ltr'><strong>verum</strong></span> <span class='ocrx_word' id='word_1_164' title='bbox 1923 2553 2021 2621; x_wconf 84' lang='lat' dir='ltr'><strong>etiam,</strong></span> 
     </span>
    </p>

    <p class='ocr_par' dir='ltr' id='par_1_13' title="bbox 576 2636 2022 2712">
     <span class='ocr_line' id='line_1_19' title="bbox 576 2636 2022 2712; baseline 0.003 -20"><span class='ocrx_word' id='word_1_165' title='bbox 576 2636 600 2692; x_wconf 92' lang='lat' dir='ltr'><strong>si</strong></span> <span class='ocrx_word' id='word_1_166' title='bbox 618 2636 687 2707; x_wconf 90' lang='lat' dir='ltr'><strong>quid</strong></span> <span class='ocrx_word' id='word_1_167' title='bbox 704 2637 882 2708; x_wconf 90' lang='lat' dir='ltr'><strong>postmodum</strong></span> <span class='ocrx_word' id='word_1_168' title='bbox 899 2636 1001 2694; x_wconf 85' lang='lat' dir='ltr'><strong>elicere</strong></span> <span class='ocrx_word' id='word_1_169' title='bbox 1018 2636 1227 2709; x_wconf 82' lang='lat' dir='ltr'><strong>temptaverint,</strong></span> <span class='ocrx_word' id='word_1_170' title='bbox 1247 2637 1277 2694; x_wconf 88' lang='lat' dir='ltr'><strong>id</strong></span> <span class='ocrx_word' id='word_1_171' title='bbox 1295 2655 1374 2696; x_wconf 90' lang='lat' dir='ltr'><strong>omne</strong></span> <span class='ocrx_word' id='word_1_172' title='bbox 1392 2638 1422 2694; x_wconf 92' lang='lat' dir='ltr'><strong>in</strong></span> <span class='ocrx_word' id='word_1_173' title='bbox 1439 2637 1555 2695; x_wconf 88' lang='lat' dir='ltr'><strong>inritum</strong></span> <span class='ocrx_word' id='word_1_174' title='bbox 1572 2639 1729 2697; x_wconf 86' lang='lat' dir='ltr'><strong>devocetur.</strong></span> <span class='ocrx_word' id='word_1_175' title='bbox 1765 2639 1929 2712; x_wconf 71' lang='lat' dir='ltr'><strong>Praeceptis</strong></span> <span class='ocrx_word' id='word_1_176' title='bbox 1946 2640 2022 2698; x_wconf 89' lang='lat' dir='ltr'><strong>eninr</strong></span> 
     </span>
    </p>

    <p class='ocr_par' dir='ltr' id='par_1_14' title="bbox 578 2722 2022 2801">
     <span class='ocr_line' id='line_1_20' title="bbox 578 2722 2022 2801; baseline 0.003 -22"><span class='ocrx_word' id='word_1_177' title='bbox 578 2723 677 2781; x_wconf 91' lang='lat' dir='ltr'><strong>vestris</strong></span> <span class='ocrx_word' id='word_1_178' title='bbox 703 2727 732 2780; x_wconf 91' lang='lat' dir='ltr'><strong>et</strong></span> <span class='ocrx_word' id='word_1_179' title='bbox 758 2722 881 2794; x_wconf 90' lang='lat' dir='ltr'><strong>publicis</strong></span> <span class='ocrx_word' id='word_1_180' title='bbox 906 2722 1081 2779; x_wconf 88' lang='lat' dir='ltr'><strong>utilitatibus</strong></span> <span class='ocrx_word' id='word_1_181' title='bbox 1110 2724 1138 2779; x_wconf 92' lang='lat' dir='ltr'><strong>in</strong></span> <span class='ocrx_word' id='word_1_182' title='bbox 1167 2728 1336 2797; x_wconf 91' lang='lat' dir='ltr'><strong>perpetuum</strong></span> <span class='ocrx_word' id='word_1_183' title='bbox 1364 2726 1468 2801; x_wconf 80' lang='lat' dir='ltr'><strong>debent</strong></span> <span class='ocrx_word' id='word_1_184' title='bbox 1491 2744 1551 2783; x_wconf 86' lang='lat' dir='ltr'><strong>esse</strong></span> <span class='ocrx_word' id='word_1_185' title='bbox 1573 2725 1693 2783; x_wconf 90' lang='lat' dir='ltr'><strong>subiecti</strong></span> <span class='ocrx_word' id='word_1_186' title='bbox 1716 2743 1767 2783; x_wconf 90' lang='lat' dir='ltr'><strong>nec</strong></span> <span class='ocrx_word' id='word_1_187' title='bbox 1784 2727 2022 2797; x_wconf 85' lang='lat' dir='ltr'><strong>exsequendsrurn</strong></span> 
     </span>
    </p>

    <p class='ocr_par' dir='ltr' id='par_1_15' title="bbox 422 2805 2022 2883">
     <span class='ocr_line' id='line_1_21' title="bbox 422 2805 2022 2883; baseline 0.002 -16"><span class='ocrx_word' id='word_1_188' title='bbox 422 2805 496 2875; x_wconf 72' lang='grc'><strong>(1·44</strong></span> <span class='ocrx_word' id='word_1_189' title='bbox 513 2805 775 2868; x_wconf 63' lang='lat' dir='ltr'><strong>abscessissem</strong></span> <span class='ocrx_word' id='word_1_190' title='bbox 792 2808 888 2865; x_wconf 87' lang='lat' dir='ltr'><strong>munia</strong></span> <span class='ocrx_word' id='word_1_191' title='bbox 905 2808 1053 2866; x_wconf 86' lang='lat' dir='ltr'><strong>declinare</strong></span> <span class='ocrx_word' id='word_1_192' title='bbox 1076 2812 1081 2878; x_wconf 96' lang='grc' dir='ltr'>Ι</span> <span class='ocrx_word' id='word_1_193' title='bbox 1104 2827 1167 2866; x_wconf 79' lang='lat' dir='ltr'><strong>oar.</strong></span> <span class='ocrx_word' id='word_1_194' title='bbox 1185 2828 1216 2866; x_wconf 86' lang='lat' dir='ltr'><strong>vr</strong></span> <span class='ocrx_word' id='word_1_195' title='bbox 1233 2829 1269 2867; x_wconf 87' lang='lat' dir='ltr'><strong>ns.</strong></span> <span class='ocrx_word' id='word_1_196' title='bbox 1288 2828 1340 2868; x_wconf 74' lang='lat' dir='ltr'><strong>rvr.</strong></span> <span class='ocrx_word' id='word_1_197' title='bbox 1360 2813 1647 2883; x_wconf 50' lang='lat' dir='ltr'><strong>consrissrrsolwu)</strong></span> <span class='ocrx_word' id='word_1_198' title='bbox 1663 2828 1756 2869; x_wconf 80' lang='lat' dir='ltr'><strong>rmus</strong></span> <span class='ocrx_word' id='word_1_199' title='bbox 1773 2829 1809 2869; x_wconf 79' lang='lat' dir='ltr'><strong>su</strong></span> <span class='ocrx_word' id='word_1_200' title='bbox 1823 2830 1915 2870; x_wconf 82' lang='lat' dir='ltr'><strong>rarao</strong></span> <span class='ocrx_word' id='word_1_201' title='bbox 1931 2831 2022 2870; x_wconf 79' lang='lat' dir='ltr'><strong>cossa</strong></span> 
     </span>
    </p>
   </div>
   <div class='ocr_carea' id='block_1_7' title="bbox 579 3021 1188 3213">
    <p class='ocr_par' dir='ltr' id='par_1_16' title="bbox 579 3021 1188 3213">
     <span class='ocr_line' id='line_1_22' title="bbox 662 3021 688 3072; baseline 0 0"><span class='ocrx_word' id='word_1_202' title='bbox 662 3021 688 3072; x_wconf 79' lang='lat' dir='ltr'><strong>It</strong></span> 
     </span>
     <span class='ocr_line' id='line_1_23' title="bbox 579 3142 1188 3213; baseline -0.01 -13"><span class='ocrx_word' id='word_1_203' title='bbox 579 3145 685 3200; x_wconf 87' lang='lat' dir='ltr'><strong>lhiiR</strong></span> <span class='ocrx_word' id='word_1_204' title='bbox 753 3142 915 3195; x_wconf 69' lang='lat' dir='ltr'><strong>ennius</strong></span> <span class='ocrx_word' id='word_1_205' title='bbox 983 3142 1188 3213; x_wconf 81' lang='lat' dir='ltr'><strong>8pertuumB·</strong></span> 
     </span>
    </p>
   </div>
   <div class='ocr_carea' id='block_1_8' title="bbox 426 3419 793 3490">
    <p class='ocr_par' dir='ltr' id='par_1_17' title="bbox 426 3419 793 3490">
     <span class='ocr_line' id='line_1_24' title="bbox 426 3419 793 3490; baseline -0.011 -12"><span class='ocrx_word' id='word_1_206' title='bbox 426 3422 536 3489; x_wconf 79' lang='lat' dir='ltr'><strong>v111,s,</strong></span> <span class='ocrx_word' id='word_1_207' title='bbox 546 3421 581 3478; x_wconf 84' lang='lat'><strong>30</strong></span> <span class='ocrx_word' id='word_1_208' title='bbox 598 3419 660 3490; x_wconf 78' lang='lat'><strong>(436</strong></span> <span class='ocrx_word' id='word_1_209' title='bbox 677 3420 744 3490; x_wconf 82' lang='lat' dir='ltr'><strong>Apr.</strong></span> <span class='ocrx_word' id='word_1_210' title='bbox 757 3420 793 3490; x_wconf 81' lang='lat'><strong>3).</strong></span> 
     </span>
    </p>
   </div>
   <div class='ocr_carea' id='block_1_9' title="bbox 547 3525 2078 4806">
    <p class='ocr_par' dir='ltr' id='par_1_18' title="bbox 662 3525 1752 3598">
     <span class='ocr_line' id='line_1_25' title="bbox 662 3525 1752 3598; baseline -0.003 -17"><span class='ocrx_word' id='word_1_211' title='bbox 662 3542 729 3581; x_wconf 75' lang='lat' dir='ltr'><strong>mn</strong></span> <span class='ocrx_word' id='word_1_212' title='bbox 756 3544 802 3580; x_wconf 80' lang='lat' dir='ltr'><strong>ss.</strong></span> <span class='ocrx_word' id='word_1_213' title='bbox 830 3542 937 3579; x_wconf 85' lang='lat' dir='ltr'><strong>rsmoao</strong></span> <span class='ocrx_word' id='word_1_214' title='bbox 963 3525 1136 3593; x_wconf 68' lang='lat' dir='ltr'><strong>sinemo)</strong></span> <span class='ocrx_word' id='word_1_215' title='bbox 1155 3526 1335 3592; x_wconf 70' lang='lat' dir='ltr'><strong>sisamoario.</strong></span> <span class='ocrx_word' id='word_1_216' title='bbox 1377 3541 1441 3579; x_wconf 77' lang='lat' dir='ltr'><strong>ross</strong></span> <span class='ocrx_word' id='word_1_217' title='bbox 1464 3541 1542 3579; x_wconf 74' lang='lat' dir='ltr'><strong>urs:</strong></span> <span class='ocrx_word' id='word_1_218' title='bbox 1570 3541 1659 3579; x_wconf 72' lang='lat' dir='ltr'><strong>sonas</strong></span> <span class='ocrx_word' id='word_1_219' title='bbox 1750 3593 1752 3598; x_wconf 20' lang='grc' dir='ltr'>Ι</span> 
     </span>
    </p>

    <p class='ocr_par' dir='ltr' id='par_1_19' title="bbox 577 3610 1659 3682">
     <span class='ocr_line' id='line_1_26' title="bbox 577 3610 1659 3682; baseline -0.003 -13"><span class='ocrx_word' id='word_1_220' title='bbox 577 3630 701 3669; x_wconf 73' lang='lat' dir='ltr'><strong>nmio</strong></span> <span class='ocrx_word' id='word_1_221' title='bbox 718 3630 823 3668; x_wconf 83' lang='lat' dir='ltr'><strong>svavao</strong></span> <span class='ocrx_word' id='word_1_222' title='bbox 841 3613 1015 3682; x_wconf 43' lang='lat' dir='ltr'><strong>naussum)</strong></span> <span class='ocrx_word' id='word_1_223' title='bbox 1033 3612 1209 3680; x_wconf 54' lang='lat' dir='ltr'><strong>marmano</strong></span> <span class='ocrx_word' id='word_1_224' title='bbox 1226 3629 1351 3668; x_wconf 76' lang='lat' dir='ltr'><strong>marmor.</strong></span> <span class='ocrx_word' id='word_1_225' title='bbox 1394 3610 1423 3667; x_wconf 87' lang='lat' dir='ltr'><strong>Si</strong></span> <span class='ocrx_word' id='word_1_226' title='bbox 1442 3610 1594 3667; x_wconf 87' lang='lat' dir='ltr'><strong>cohortalis</strong></span> <span class='ocrx_word' id='word_1_227' title='bbox 1612 3629 1659 3682; x_wconf 90' lang='lat' dir='ltr'><strong>ap·</strong></span> 
     </span>
    </p>

    <p class='ocr_par' dir='ltr' id='par_1_20' title="bbox 577 3695 1846 3773">
     <span class='ocr_line' id='line_1_27' title="bbox 577 3695 1846 3773; baseline -0.001 -17"><span class='ocrx_word' id='word_1_228' title='bbox 577 3698 685 3773; x_wconf 89' lang='lat' dir='ltr'><strong>paritor</strong></span> <span class='ocrx_word' id='word_1_229' title='bbox 702 3701 753 3755; x_wconf 86' lang='lat' dir='ltr'><strong>aul</strong></span> <span class='ocrx_word' id='word_1_230' title='bbox 770 3698 905 3755; x_wconf 85' lang='lat' dir='ltr'><strong>obnoxius</strong></span> <span class='ocrx_word' id='word_1_231' title='bbox 923 3696 1031 3754; x_wconf 92' lang='lat' dir='ltr'><strong>cohorti</strong></span> <span class='ocrx_word' id='word_1_232' title='bbox 1050 3699 1087 3754; x_wconf 90' lang='lat' dir='ltr'><strong>ad</strong></span> <span class='ocrx_word' id='word_1_233' title='bbox 1104 3699 1194 3755; x_wconf 92' lang='lat' dir='ltr'><strong>ullam</strong></span> <span class='ocrx_word' id='word_1_234' title='bbox 1208 3698 1357 3769; x_wconf 68' lang='lat' dir='ltr'><strong>*posthac*</strong></span> <span class='ocrx_word' id='word_1_235' title='bbox 1371 3696 1559 3768; x_wconf 86' lang='lat' dir='ltr'><strong>adspiraverit</strong></span> <span class='ocrx_word' id='word_1_236' title='bbox 1572 3695 1660 3769; x_wconf 90' lang='lat' dir='ltr'><strong>digni·</strong></span> <span class='ocrx_word' id='word_1_237' title='bbox 1732 3699 1742 3722; x_wconf 68' lang='lat'><em>*</em></span> <span class='ocrx_word' id='word_1_238' title='bbox 1767 3697 1777 3723; x_wconf 82' lang='lat'><strong>⁴</strong></span> <span class='ocrx_word' id='word_1_239' title='bbox 1839 3741 1846 3755; x_wconf 92' lang='lat'>.</span> 
     </span>
    </p>

    <p class='ocr_par' dir='ltr' id='par_1_21' title="bbox 578 3781 1661 3858">
     <span class='ocr_line' id='line_1_28' title="bbox 578 3781 1661 3858; baseline -0.006 -15"><span class='ocrx_word' id='word_1_240' title='bbox 578 3790 679 3851; x_wconf 66' lang='lat' dir='ltr'><strong>tatem</strong></span> <span class='ocrx_word' id='word_1_241' title='bbox 702 3785 841 3858; x_wconf 86' lang='lat' dir='ltr'><strong>spoliatus</strong></span> <span class='ocrx_word' id='word_1_242' title='bbox 863 3783 991 3841; x_wconf 91' lang='lat' dir='ltr'><strong>omnihus</strong></span> <span class='ocrx_word' id='word_1_243' title='bbox 1012 3784 1158 3855; x_wconf 89' lang='lat' dir='ltr'><strong>impetrati</strong></span> <span class='ocrx_word' id='word_1_244' title='bbox 1182 3783 1294 3840; x_wconf 88' lang='lat' dir='ltr'><strong>honoris</strong></span> <span class='ocrx_word' id='word_1_245' title='bbox 1317 3781 1474 3853; x_wconf 88' lang='lat' dir='ltr'><strong>insignibus</strong></span> <span class='ocrx_word' id='word_1_246' title='bbox 1497 3782 1534 3839; x_wconf 88' lang='lat' dir='ltr'><strong>ad</strong></span> <span class='ocrx_word' id='word_1_247' title='bbox 1555 3785 1661 3839; x_wconf 90' lang='lat' dir='ltr'><strong>statum</strong></span> 
     </span>
    </p>

    <p class='ocr_par' dir='ltr' id='par_1_22' title="bbox 547 3868 1662 4029">
     <span class='ocr_line' id='line_1_29' title="bbox 579 3868 1662 3944; baseline -0.006 -15"><span class='ocrx_word' id='word_1_248' title='bbox 579 3873 728 3944; x_wconf 90' lang='lat' dir='ltr'><strong>pristinum</strong></span> <span class='ocrx_word' id='word_1_249' title='bbox 745 3875 897 3937; x_wconf 88' lang='lat' dir='ltr'><strong>revocetur,</strong></span> <span class='ocrx_word' id='word_1_250' title='bbox 915 3870 1012 3928; x_wconf 86' lang='lat' dir='ltr'><strong>liberis</strong></span> <span class='ocrx_word' id='word_1_251' title='bbox 1031 3871 1118 3927; x_wconf 91' lang='lat' dir='ltr'><strong>etiam</strong></span> <span class='ocrx_word' id='word_1_252' title='bbox 1140 3870 1168 3925; x_wconf 90' lang='lat' dir='ltr'><strong>in</strong></span> <span class='ocrx_word' id='word_1_253' title='bbox 1192 3870 1246 3925; x_wconf 89' lang='lat' dir='ltr'><strong>tali</strong></span> <span class='ocrx_word' id='word_1_254' title='bbox 1264 3870 1324 3926; x_wconf 86' lang='lat' dir='ltr'><strong>eius</strong></span> <span class='ocrx_word' id='word_1_255' title='bbox 1342 3868 1504 3924; x_wconf 90' lang='lat' dir='ltr'><strong>condicione</strong></span> <span class='ocrx_word' id='word_1_256' title='bbox 1524 3868 1662 3939; x_wconf 87' lang='lat' dir='ltr'><strong>susceptis</strong></span> 
     </span>
     <span class='ocr_line' id='line_1_30' title="bbox 547 3954 1661 4029; baseline -0.009 -10"><span class='ocrx_word' id='word_1_257' title='bbox 547 3965 559 4019; x_wconf 93' lang='lat' dir='ltr'><strong>l</strong></span> <span class='ocrx_word' id='word_1_258' title='bbox 579 3962 708 4015; x_wconf 85' lang='lat' dir='ltr'><strong>fortunae</strong></span> <span class='ocrx_word' id='word_1_259' title='bbox 726 3958 835 4028; x_wconf 87' lang='lat' dir='ltr'><strong>patriae</strong></span> <span class='ocrx_word' id='word_1_260' title='bbox 853 3957 1047 4029; x_wconf 89' lang='lat' dir='ltr'><strong>mancipandis</strong></span> <span class='ocrx_word' id='word_1_261' title='bbox 1059 3960 1089 4025; x_wconf 77' lang='grc'><strong>[1.</strong></span> <span class='ocrx_word' id='word_1_262' title='bbox 1160 3956 1189 4011; x_wconf 85' lang='lat' dir='ltr'><strong>Si</strong></span> <span class='ocrx_word' id='word_1_263' title='bbox 1208 3956 1256 4026; x_wconf 87' lang='lat' dir='ltr'><strong>qui</strong></span> <span class='ocrx_word' id='word_1_264' title='bbox 1276 3974 1340 4012; x_wconf 88' lang='lat' dir='ltr'><strong>vero</strong></span> <span class='ocrx_word' id='word_1_265' title='bbox 1365 3954 1517 4011; x_wconf 87' lang='lat' dir='ltr'><strong>cohortalis</strong></span> <span class='ocrx_word' id='word_1_266' title='bbox 1537 3955 1580 4011; x_wconf 87' lang='lat' dir='ltr'><strong>vel</strong></span> <span class='ocrx_word' id='word_1_267' title='bbox 1599 3956 1661 4010; x_wconf 90' lang='lat' dir='ltr'><strong>suh-</strong></span> 
     </span>
    </p>

    <p class='ocr_par' dir='ltr' id='par_1_23' title="bbox 579 4041 1661 4115">
     <span class='ocr_line' id='line_1_31' title="bbox 579 4041 1661 4115; baseline -0.004 -15"><span class='ocrx_word' id='word_1_268' title='bbox 579 4045 669 4102; x_wconf 90' lang='lat' dir='ltr'><strong>ieetus</strong></span> <span class='ocrx_word' id='word_1_269' title='bbox 687 4044 794 4101; x_wconf 86' lang='lat' dir='ltr'><strong>cohorti</strong></span> <span class='ocrx_word' id='word_1_270' title='bbox 812 4046 900 4101; x_wconf 90' lang='lat' dir='ltr'><strong>ullam</strong></span> <span class='ocrx_word' id='word_1_271' title='bbox 918 4049 983 4101; x_wconf 90' lang='lat' dir='ltr'><strong>autc</strong></span> <span class='ocrx_word' id='word_1_272' title='bbox 1002 4045 1074 4099; x_wconf 89' lang='lat' dir='ltr'><strong>hane</strong></span> <span class='ocrx_word' id='word_1_273' title='bbox 1093 4045 1184 4115; x_wconf 88' lang='lat' dir='ltr'><strong>legem</strong></span> <span class='ocrx_word' id='word_1_274' title='bbox 1203 4042 1290 4115; x_wconf 86' lang='lat' dir='ltr'><strong>gessit</strong></span> <span class='ocrx_word' id='word_1_275' title='bbox 1307 4041 1441 4098; x_wconf 88' lang='lat' dir='ltr'><strong>militiam</strong></span> <span class='ocrx_word' id='word_1_276' title='bbox 1460 4044 1511 4096; x_wconf 89' lang='lat' dir='ltr'><strong>aut</strong></span> <span class='ocrx_word' id='word_1_277' title='bbox 1530 4045 1661 4113; x_wconf 86' lang='lat' dir='ltr'><strong>coeptam</strong></span> 
     </span>
    </p>

    <p class='ocr_par' dir='ltr' id='par_1_24' title="bbox 580 4127 1661 4201">
     <span class='ocr_line' id='line_1_32' title="bbox 580 4127 1661 4201; baseline -0.004 -14"><span class='ocrx_word' id='word_1_278' title='bbox 580 4132 685 4187; x_wconf 89' lang='lat' dir='ltr'><strong>dudum</strong></span> <span class='ocrx_word' id='word_1_279' title='bbox 702 4132 862 4188; x_wconf 89' lang='lat' dir='ltr'><strong>etiamnunc</strong></span> <span class='ocrx_word' id='word_1_280' title='bbox 879 4130 953 4201; x_wconf 86' lang='lat' dir='ltr'><strong>gerit</strong></span> <span class='ocrx_word' id='word_1_281' title='bbox 970 4136 1021 4187; x_wconf 87' lang='lat' dir='ltr'><strong>aut</strong></span> <span class='ocrx_word' id='word_1_282' title='bbox 1034 4130 1233 4186; x_wconf 86' lang='lat' dir='ltr'><strong>causidicinam</strong></span> <span class='ocrx_word' id='word_1_283' title='bbox 1253 4128 1281 4184; x_wconf 93' lang='lat' dir='ltr'><strong>in</strong></span> <span class='ocrx_word' id='word_1_284' title='bbox 1299 4130 1357 4184; x_wconf 82' lang='lat' dir='ltr'><strong>foro</strong></span> <span class='ocrx_word' id='word_1_285' title='bbox 1376 4127 1564 4199; x_wconf 88' lang='lat' dir='ltr'><strong>amplissimae</strong></span> <span class='ocrx_word' id='word_1_286' title='bbox 1583 4145 1661 4198; x_wconf 89' lang='lat' dir='ltr'><strong>prae·</strong></span> 
     </span>
    </p>

    <p class='ocr_par' dir='ltr' id='par_1_25' title="bbox 547 4214 1662 4375">
     <span class='ocr_line' id='line_1_33' title="bbox 580 4214 1661 4287; baseline -0.005 -13"><span class='ocrx_word' id='word_1_287' title='bbox 580 4220 704 4275; x_wconf 85' lang='lat' dir='ltr'><strong>secturae</strong></span> <span class='ocrx_word' id='word_1_288' title='bbox 724 4217 846 4274; x_wconf 87' lang='lat' dir='ltr'><strong>Orientis</strong></span> <span class='ocrx_word' id='word_1_289' title='bbox 873 4218 963 4287; x_wconf 90' lang='lat' dir='ltr'><strong>adque</strong></span> <span class='ocrx_word' id='word_1_290' title='bbox 991 4217 1098 4287; x_wconf 84' lang='lat' dir='ltr'><strong>lllyrici</strong></span> <span class='ocrx_word' id='word_1_291' title='bbox 1122 4219 1166 4272; x_wconf 85' lang='lat' dir='ltr'><strong>vel</strong></span> <span class='ocrx_word' id='word_1_292' title='bbox 1195 4218 1302 4273; x_wconf 84' lang='lat' dir='ltr'><strong>urbano</strong></span> <span class='ocrx_word' id='word_1_293' title='bbox 1327 4215 1473 4287; x_wconf 87' lang='lat' dir='ltr'><strong>profitetur</strong></span> <span class='ocrx_word' id='word_1_294' title='bbox 1497 4214 1614 4278; x_wconf 88' lang='lat' dir='ltr'><strong>iudicio,</strong></span> <span class='ocrx_word' id='word_1_295' title='bbox 1633 4214 1661 4269; x_wconf 90' lang='lat' dir='ltr'><strong>in</strong></span> 
     </span>
     <span class='ocr_line' id='line_1_34' title="bbox 547 4301 1662 4375; baseline -0.005 -13"><span class='ocrx_word' id='word_1_296' title='bbox 547 4309 563 4362; x_wconf 82' lang='lat'>2</span> <span class='ocrx_word' id='word_1_297' title='bbox 581 4307 678 4364; x_wconf 91' lang='lat' dir='ltr'><strong>codem</strong></span> <span class='ocrx_word' id='word_1_298' title='bbox 696 4305 818 4360; x_wconf 89' lang='lat' dir='ltr'><strong>latarum</strong></span> <span class='ocrx_word' id='word_1_299' title='bbox 836 4302 943 4375; x_wconf 89' lang='lat' dir='ltr'><strong>pridem</strong></span> <span class='ocrx_word' id='word_1_300' title='bbox 961 4303 1195 4360; x_wconf 89' lang='lat' dir='ltr'><strong>constitutionum</strong></span> <span class='ocrx_word' id='word_1_301' title='bbox 1213 4302 1322 4358; x_wconf 86' lang='lat' dir='ltr'><strong>sanctio</strong></span> <span class='ocrx_word' id='word_1_302' title='bbox 1340 4303 1512 4359; x_wconf 89' lang='lat' dir='ltr'><strong>observetur.</strong></span> <span class='ocrx_word' id='word_1_303' title='bbox 1595 4301 1662 4356; x_wconf 90' lang='lat' dir='ltr'><strong>Post</strong></span> 
     </span>
    </p>

    <p class='ocr_par' dir='ltr' id='par_1_26' title="bbox 582 4386 1929 4463">
     <span class='ocr_line' id='line_1_35' title="bbox 582 4386 1929 4463; baseline -0.004 -14"><span class='ocrx_word' id='word_1_304' title='bbox 582 4395 655 4449; x_wconf 91' lang='lat' dir='ltr'><strong>hanc</strong></span> <span class='ocrx_word' id='word_1_305' title='bbox 673 4410 738 4449; x_wconf 90' lang='lat' dir='ltr'><strong>vero</strong></span> <span class='ocrx_word' id='word_1_306' title='bbox 756 4392 848 4463; x_wconf 90' lang='lat' dir='ltr'><strong>legem</strong></span> <span class='ocrx_word' id='word_1_307' title='bbox 860 4394 871 4460; x_wconf 84' lang='grc' dir='ltr'><strong>ΙΙ</strong></span> <span class='ocrx_word' id='word_1_308' title='bbox 882 4391 897 4463; x_wconf 75' lang='grc' dir='ltr'>Γ</span> <span class='ocrx_word' id='word_1_309' title='bbox 908 4389 932 4445; x_wconf 89' lang='lat' dir='ltr'><strong>si</strong></span> <span class='ocrx_word' id='word_1_310' title='bbox 950 4390 1013 4460; x_wconf 88' lang='lat' dir='ltr'><strong>quis</strong></span> <span class='ocrx_word' id='word_1_311' title='bbox 1031 4409 1064 4446; x_wconf 85' lang='lat' dir='ltr'><strong>ex</strong></span> <span class='ocrx_word' id='word_1_312' title='bbox 1083 4389 1128 4445; x_wconf 88' lang='lat' dir='ltr'><strong>his</strong></span> <span class='ocrx_word' id='word_1_313' title='bbox 1145 4408 1230 4446; x_wconf 89' lang='lat' dir='ltr'><strong>ausus</strong></span> <span class='ocrx_word' id='word_1_314' title='bbox 1247 4389 1334 4446; x_wconf 84' lang='lat' dir='ltr'><strong>fuerit</strong></span> <span class='ocrx_word' id='word_1_315' title='bbox 1355 4390 1443 4444; x_wconf 89' lang='lat' dir='ltr'><strong>ullam</strong></span> <span class='ocrx_word' id='word_1_316' title='bbox 1462 4387 1595 4445; x_wconf 84' lang='lat' dir='ltr'><strong>affectare</strong></span> <span class='ocrx_word' id='word_1_317' title='bbox 1613 4386 1662 4442; x_wconf 91' lang='lat' dir='ltr'><strong>mi·</strong></span> <span class='ocrx_word' id='word_1_318' title='bbox 1727 4390 1739 4457; x_wconf 80' lang='grc'><strong>11</strong></span> <span class='ocrx_word' id='word_1_319' title='bbox 1750 4391 1817 4444; x_wconf 80' lang='lat' dir='ltr'><strong>redit</strong></span> <span class='ocrx_word' id='word_1_320' title='bbox 1834 4387 1929 4459; x_wconf 72' lang='lat' dir='ltr'><strong>[quod</strong></span> 
     </span>
    </p>

    <p class='ocr_par' dir='ltr' id='par_1_27' title="bbox 582 4474 2008 4597">
     <span class='ocr_line' id='line_1_36' title="bbox 582 4474 2008 4597; baseline -0.004 -61"><span class='ocrx_word' id='word_1_321' title='bbox 582 4480 683 4543; x_wconf 78' lang='lat' dir='ltr'><strong>litiani,</strong></span> <span class='ocrx_word' id='word_1_322' title='bbox 702 4474 1011 4549; x_wconf 82' lang='lat' dir='ltr'><strong>nulla&#39;praescribtione</strong></span> <span class='ocrx_word' id='word_1_323' title='bbox 1023 4476 1156 4548; x_wconf 88' lang='lat' dir='ltr'><strong>temporis</strong></span> <span class='ocrx_word' id='word_1_324' title='bbox 1167 4476 1318 4541; x_wconf 88' lang='lat' dir='ltr'><strong>muniatur,</strong></span> <span class='ocrx_word' id='word_1_325' title='bbox 1332 4476 1347 4547; x_wconf 75' lang='grc' dir='ltr'>Γ</span> <span class='ocrx_word' id='word_1_326' title='bbox 1359 4475 1406 4531; x_wconf 90' lang='lat' dir='ltr'><strong>sed</strong></span> <span class='ocrx_word' id='word_1_327' title='bbox 1425 4476 1462 4531; x_wconf 86' lang='lat' dir='ltr'><strong>ad</strong></span> <span class='ocrx_word' id='word_1_328' title='bbox 1474 4474 1662 4531; x_wconf 87' lang='lat' dir='ltr'><strong>condicionem</strong></span> <span class='ocrx_word' id='word_1_329' title='bbox 1732 4474 1858 4597; x_wconf 39' lang='lat' dir='ltr'><strong>{praetor</strong></span> <span class='ocrx_word' id='word_1_330' title='bbox 1880 4494 1937 4529; x_wconf 87' lang='lat' dir='ltr'><strong>eam</strong></span> <span class='ocrx_word' id='word_1_331' title='bbox 1960 4479 2008 4530; x_wconf 86' lang='lat' dir='ltr'><strong>sci·</strong></span> 
     </span>
    </p>

    <p class='ocr_par' dir='ltr' id='par_1_28' title="bbox 582 4553 2078 4806">
     <span class='ocr_line' id='line_1_37' title="bbox 583 4553 2025 4667; baseline -0.006 -43"><span class='ocrx_word' id='word_1_332' title='bbox 583 4566 725 4640; x_wconf 87' lang='lat' dir='ltr'><strong>propriam</strong></span> <span class='ocrx_word' id='word_1_333' title='bbox 743 4566 910 4629; x_wconf 85' lang='lat' dir='ltr'><strong>retrahatur,</strong></span> <span class='ocrx_word' id='word_1_334' title='bbox 930 4583 964 4621; x_wconf 90' lang='lat' dir='ltr'><strong>ne</strong></span> <span class='ocrx_word' id='word_1_335' title='bbox 982 4564 1043 4635; x_wconf 86' lang='lat' dir='ltr'><strong>ipse</strong></span> <span class='ocrx_word' id='word_1_336' title='bbox 1061 4564 1106 4620; x_wconf 83' lang='lat' dir='ltr'><strong>vel</strong></span> <span class='ocrx_word' id='word_1_337' title='bbox 1129 4563 1188 4618; x_wconf 90' lang='lat' dir='ltr'><strong>eius</strong></span> <span class='ocrx_word' id='word_1_338' title='bbox 1214 4562 1295 4619; x_wconf 85' lang='lat' dir='ltr'><strong>liberi</strong></span> <span class='ocrx_word' id='word_1_339' title='bbox 1314 4566 1378 4632; x_wconf 89' lang='lat' dir='ltr'><strong>post</strong></span> <span class='ocrx_word' id='word_1_340' title='bbox 1396 4563 1483 4618; x_wconf 89' lang='lat' dir='ltr'><strong>talem</strong></span> <span class='ocrx_word' id='word_1_341' title='bbox 1502 4561 1590 4632; x_wconf 86' lang='lat' dir='ltr'><strong>ipsius</strong></span> <span class='ocrx_word' id='word_1_342' title='bbox 1609 4564 1662 4616; x_wconf 80' lang='lat' dir='ltr'><strong>sta</strong></span> <span class='ocrx_word' id='word_1_343' title='bbox 1733 4553 1806 4667; x_wconf 49' lang='lat' dir='ltr'><strong>ffb,</strong></span> <span class='ocrx_word' id='word_1_344' title='bbox 1818 4562 1885 4613; x_wconf 61' lang='lat' dir='ltr'><strong>lm</strong></span> <span class='ocrx_word' id='word_1_345' title='bbox 1908 4565 1942 4630; x_wconf 69' lang='grc' dir='ltr'><strong>θξ</strong></span> <span class='ocrx_word' id='word_1_346' title='bbox 1960 4564 2025 4615; x_wconf 65' lang='lat' dir='ltr'><strong>qm·</strong></span> 
     </span>
     <span class='ocr_line' id='line_1_38' title="bbox 582 4617 2026 4737; baseline -0.006 -29"><span class='ocrx_word' id='word_1_347' title='bbox 582 4657 642 4708; x_wconf 88' lang='lat' dir='ltr'><strong>tum</strong></span> <span class='ocrx_word' id='word_1_348' title='bbox 660 4649 800 4723; x_wconf 90' lang='lat' dir='ltr'><strong>procreati</strong></span> <span class='ocrx_word' id='word_1_349' title='bbox 818 4650 893 4719; x_wconf 92' lang='lat' dir='ltr'><strong>quod</strong></span> <span class='ocrx_word' id='word_1_350' title='bbox 905 4648 1013 4705; x_wconf 91' lang='lat' dir='ltr'><strong>cohorti</strong></span> <span class='ocrx_word' id='word_1_351' title='bbox 1026 4648 1143 4705; x_wconf 88' lang='lat' dir='ltr'><strong>debetur</strong></span> <span class='ocrx_word' id='word_1_352' title='bbox 1156 4649 1270 4704; x_wconf 87' lang='lat' dir='ltr'><strong>valeant</strong></span> <span class='ocrx_word' id='word_1_353' title='bbox 1284 4647 1431 4704; x_wconf 88' lang='lat' dir='ltr'><strong>declinare.</strong></span> <span class='ocrx_word' id='word_1_354' title='bbox 1468 4664 1529 4702; x_wconf 80' lang='lat' dir='ltr'><strong>oss.</strong></span> <span class='ocrx_word' id='word_1_355' title='bbox 1549 4665 1582 4702; x_wconf 89' lang='lat' dir='ltr'><strong>m</strong></span> <span class='ocrx_word' id='word_1_356' title='bbox 1600 4666 1662 4702; x_wconf 83' lang='lat' dir='ltr'><strong>uos.</strong></span> <span class='ocrx_word' id='word_1_357' title='bbox 1734 4625 1854 4737; x_wconf 50' lang='lat' dir='ltr'>liffffln</span> <span class='ocrx_word' id='word_1_358' title='bbox 1875 4633 1952 4669; x_wconf 42' lang='grc' dir='ltr'><strong>ἰω</strong></span> <span class='ocrx_word' id='word_1_359' title='bbox 1974 4617 2026 4669; x_wconf 70' lang='lat'><strong>‘³⁰¹‘</strong></span> 
     </span>
     <span class='ocr_line' id='line_1_39' title="bbox 582 4702 2078 4806; baseline -0.008 -11"><span class='ocrx_word' id='word_1_360' title='bbox 582 4758 672 4795; x_wconf 76' lang='lat' dir='ltr'><strong>eram.</strong></span> <span class='ocrx_word' id='word_1_361' title='bbox 689 4737 978 4806; x_wconf 69' lang='lat' dir='ltr'><strong>coassisuunso)a(on1)</strong></span> <span class='ocrx_word' id='word_1_362' title='bbox 997 4753 1104 4790; x_wconf 84' lang='lat' dir='ltr'><strong>rsrnoao</strong></span> <span class='ocrx_word' id='word_1_363' title='bbox 1122 4752 1154 4788; x_wconf 74' lang='lat' dir='ltr'><strong>rr</strong></span> <span class='ocrx_word' id='word_1_364' title='bbox 1172 4752 1310 4789; x_wconf 78' lang='lat' dir='ltr'><strong>sssnroas</strong></span> <span class='ocrx_word' id='word_1_365' title='bbox 1327 4751 1414 4788; x_wconf 82' lang='lat' dir='ltr'><strong>corsa.</strong></span> <span class='ocrx_word' id='word_1_366' title='bbox 1753 4702 1780 4752; x_wconf 54' lang='grc' dir='ltr'><strong>ει</strong></span> <span class='ocrx_word' id='word_1_367' title='bbox 2053 4744 2078 4784; x_wconf 85' lang='lat' dir='ltr'><strong>rs</strong></span> 
     </span>
    </p>
   </div>
   <div class='ocr_carea' id='block_1_10' title="bbox 667 4944 1705 5017">
    <p class='ocr_par' dir='ltr' id='par_1_29' title="bbox 667 4944 1705 5017">
     <span class='ocr_line' id='line_1_40' title="bbox 667 4944 1705 5017; baseline -0.005 -15"><span class='ocrx_word' id='word_1_368' title='bbox 667 4951 698 5002; x_wconf 89' lang='lat' dir='ltr'><strong>s.</strong></span> <span class='ocrx_word' id='word_1_369' title='bbox 716 4976 751 4988; x_wconf 95' lang='lat'>-</span> <span class='ocrx_word' id='word_1_370' title='bbox 767 4949 942 5017; x_wconf 77' lang='lat' dir='ltr'><strong>unumne)</strong></span> <span class='ocrx_word' id='word_1_371' title='bbox 961 4946 1103 5014; x_wconf 78' lang='lat'><strong>12‚1,188</strong></span> <span class='ocrx_word' id='word_1_372' title='bbox 1122 4946 1193 5012; x_wconf 73' lang='lat' dir='ltr'><strong>aaa</strong></span> <span class='ocrx_word' id='word_1_373' title='bbox 1211 4965 1229 4998; x_wconf 73' lang='lat' dir='ltr'><strong>a</strong></span> <span class='ocrx_word' id='word_1_374' title='bbox 1247 4946 1262 4999; x_wconf 84' lang='lat' dir='ltr'><strong>e</strong></span> <span class='ocrx_word' id='word_1_375' title='bbox 1281 4949 1303 4999; x_wconf 77' lang='lat' dir='ltr'><strong>s</strong></span> <span class='ocrx_word' id='word_1_376' title='bbox 1320 4945 1385 5015; x_wconf 74' lang='lat' dir='ltr'><strong>qur).</strong></span> <span class='ocrx_word' id='word_1_377' title='bbox 1406 4973 1437 4984; x_wconf 91' lang='lat'>-</span> <span class='ocrx_word' id='word_1_378' title='bbox 1456 4947 1541 4998; x_wconf 85' lang='lat' dir='ltr'><strong>rvsr.</strong></span> <span class='ocrx_word' id='word_1_379' title='bbox 1555 4944 1596 5009; x_wconf 79' lang='lat' dir='ltr'><strong>rs,</strong></span> <span class='ocrx_word' id='word_1_380' title='bbox 1608 4944 1651 5012; x_wconf 77' lang='lat' dir='ltr'><strong>ss,</strong></span> <span class='ocrx_word' id='word_1_381' title='bbox 1666 4944 1705 4998; x_wconf 79' lang='lat'><strong>12.</strong></span> 
     </span>
    </p>
   </div>
   <div class='ocr_carea' id='block_1_11' title="bbox 583 5064 1686 5208">
    <p class='ocr_par' dir='ltr' id='par_1_30' title="bbox 583 5064 1686 5208">
     <span class='ocr_line' id='line_1_41' title="bbox 583 5064 1686 5200; baseline -0.005 -77"><span class='ocrx_word' id='word_1_382' title='bbox 583 5070 625 5137; x_wconf 69' lang='lat' dir='ltr'><strong>tlt</strong></span> <span class='ocrx_word' id='word_1_383' title='bbox 644 5073 666 5124; x_wconf 92' lang='lat' dir='ltr'><strong>si</strong></span> <span class='ocrx_word' id='word_1_384' title='bbox 684 5073 728 5138; x_wconf 88' lang='lat' dir='ltr'><strong>qui</strong></span> <span class='ocrx_word' id='word_1_385' title='bbox 740 5089 803 5125; x_wconf 87' lang='lat' dir='ltr'><strong>uero</strong></span> <span class='ocrx_word' id='word_1_386' title='bbox 814 5072 952 5125; x_wconf 83' lang='lat' dir='ltr'><strong>cohortalis</strong></span> <span class='ocrx_word' id='word_1_387' title='bbox 967 5070 1011 5122; x_wconf 90' lang='lat' dir='ltr'><strong>nel</strong></span> <span class='ocrx_word' id='word_1_388' title='bbox 1021 5070 1155 5123; x_wconf 87' lang='lat' dir='ltr'><strong>subiectus</strong></span> <span class='ocrx_word' id='word_1_389' title='bbox 1168 5066 1277 5135; x_wconf 84' lang='lat' dir='ltr'><strong>cohorti]</strong></span> <span class='ocrx_word' id='word_1_390' title='bbox 1302 5080 1306 5200; x_wconf 68' lang='grc' dir='ltr'>Ι</span> <span class='ocrx_word' id='word_1_391' title='bbox 1331 5064 1364 5120; x_wconf 84' lang='lat'><strong>14</strong></span> <span class='ocrx_word' id='word_1_392' title='bbox 1380 5064 1489 5133; x_wconf 86' lang='lat' dir='ltr'><strong>cohorti]</strong></span> <span class='ocrx_word' id='word_1_393' title='bbox 1508 5068 1606 5135; x_wconf 86' lang='lat' dir='ltr'><strong>patriae</strong></span> <span class='ocrx_word' id='word_1_394' title='bbox 1621 5084 1686 5136; x_wconf 77' lang='lat' dir='ltr'><strong>geas.</strong></span> 
     </span>
     <span class='ocr_line' id='line_1_42' title="bbox 583 5140 1208 5208; baseline -0.008 -14"><span class='ocrx_word' id='word_1_395' title='bbox 583 5142 669 5208; x_wconf 90' lang='lat' dir='ltr'><strong>siqui</strong></span> <span class='ocrx_word' id='word_1_396' title='bbox 686 5143 788 5194; x_wconf 73' lang='lat' dir='ltr'><strong>ranno</strong></span> <span class='ocrx_word' id='word_1_397' title='bbox 810 5149 857 5193; x_wconf 86' lang='lat' dir='ltr'><strong>aut</strong></span> <span class='ocrx_word' id='word_1_398' title='bbox 880 5142 1011 5193; x_wconf 86' lang='lat' dir='ltr'><strong>subiectus</strong></span> <span class='ocrx_word' id='word_1_399' title='bbox 1035 5140 1123 5193; x_wconf 82' lang='lat' dir='ltr'><strong>curias</strong></span> <span class='ocrx_word' id='word_1_400' title='bbox 1143 5154 1208 5207; x_wconf 77' lang='lat' dir='ltr'><strong>gem.</strong></span> 
     </span>
    </p>
   </div>
   <div class='ocr_carea' id='block_1_12' title="bbox 0 0 2423 6400">
    <p class='ocr_par' dir='ltr' id='par_1_31' title="bbox 0 0 2423 6400">
     <span class='ocr_line' id='line_1_43' title="bbox 0 0 2423 6400; baseline 0 0"><span class='ocrx_word' id='word_1_401' title='bbox 0 0 2423 6400; x_wconf 95' lang='lat' dir='ltr'><strong> </strong></span> 
     </span>
    </p>
   </div>
  </div>
 </body>
</html>
