4800 6400
452 738 500 790 ua
517 739 761 792 mentasanus
778 738 980 792 unemosvu
1141 739 1205 804 619
1648 736 1699 801 XI
1721 740 1762 803 28
1787 740 1892 801 7-10

453 924 587 962 annorum
608 907 787 979 indulgentia
809 907 970 963 contributa
993 910 1103 978 partem
1126 907 1239 962 solvant
1261 905 1392 976 publicae
1415 906 1574 963 functionis.
1619 907 1663 962 Ad
1686 906 1892 978 reparationem

452 1011 519 1049 sane
547 1012 642 1049 cursus
668 993 743 1050 intra
772 993 965 1065 indulgentiae
991 996 1103 1064 tempus
1132 992 1269 1062 quidquid
1295 992 1380 1049 faerit
1405 993 1591 1066 postulatum,
1614 992 1643 1051 id
1666 994 1755 1050 solum
1774 991 1893 1051 conferri

452 1080 616 1138 censuimus.
651 1100 712 1137 aar.
732 1099 783 1137 vm
800 1100 836 1137 m.
854 1097 914 1137 ιω.
933 1082 1103 1149 austrasia)
1121 1097 1199 1138 evoro
1218 1087 1243 1134 v.
1261 1083 1285 1133 ῦ.
1303 1096 1378 1136 coss.

543 1272 567 1324 V

453 1392 466 1446 l
486 1392 594 1463 partem]
613 1412 662 1447 scr.
680 1397 795 1462 quintam
813 1402 912 1463 partem
930 1397 1012 1449 solnm

354 1616 644 1689 mumma

536 1738 603 1776 marr
630 1739 677 1777 an.
705 1739 821 1778 smnvoo
846 1724 1020 1793 rtamaoro)
1043 1725 1223 1792 dunowa.
1267 1720 1457 1777 Naviculariis
1485 1720 1561 1777 intra
1581 1717 1705 1774 Africam
1728 1735 1761 1773 ex
1789 1719 1892 1787 quarta

451 1805 561 1864 decima
578 1807 731 1866 indictione
749 1810 910 1865 consulatus
927 1810 1120 1867 Valentiniani
1138 1811 1264 1880 Anglii
1286 1813 1316 1865 et
1333 1808 1452 1878 Eutropi
1470 1806 1544 1875 v(iri)
1562 1803 1731 1874 c(larissimi)
1750 1821 1838 1873 nsque
1856 1802 1892 1858 ad

450 1893 631 1951 indictionem
652 1901 782 1964 quartam
800 1898 963 1953 consulatus
980 1897 1067 1953 nostri
1085 1897 1190 1967 septies
1208 1899 1238 1953 et
1255 1893 1394 1952 Theodosi
1412 1896 1513 1952 iterum
1531 1894 1624 1950 omnia
1643 1891 1752 1963 reliqua
1763 1889 1889 1962 indulge·

450 1999 518 2036 mus.
553 1998 614 2035 nir.
633 1998 666 2035 111
683 1998 745 2036 ror.
765 2000 853 2038 nram.
872 1986 1040 2053 udaiuns)
1058 2000 1224 2039 consulario
1242 2000 1274 2038 rr
1290 1999 1446 2039 oossrarra
1463 1998 1550 2038 conss

543 2154 568 2205 V

451 2273 465 2327 l
485 2277 604 2329 seleucho
623 2277 646 2326 V
726 2277 744 2329 2
762 2280 909 2331 consolatus
926 2279 950 2328 V
990 2279 1143 2330 &matur
1192 2279 1325 2331 indictioni
1339 2278 1369 2345 Vl
1377 2279 1417 2330 VI
1419 2297 1428 2338 ,·
1444 2295 1564 2331 numana
1581 2295 1633 2329 ario
1651 2278 1762 2328 minaei
1780 2275 1891 2341 explicat

457 2344 633 2397 Valentiniani
651 2347 703 2398 111
718 2357 741 2400 et
759 2348 880 2415 Eutropii
902 2366 927 2398 a.
939 2351 990 2400 387
1005 2349 1142 2400 sedendum
1192 2348 1295 2400 nocella
1313 2348 1488 2400 Valentiniani
1499 2347 1553 2399 III
1574 2347 1602 2398 1:
1624 2348 1651 2398 in
1669 2350 1788 2412 quartam
1806 2359 1891 2408 usque

451 2423 596 2480 commin
621 2418 722 2468 soldani
745 2418 883 2483 respondet
904 2417 1039 2468 indictioni
1055 2414 1144 2481 XVII,
1193 2418 1358 2470 indictionem
1377 2435 1422 2485 per
1439 2434 1527 2469 amnas
1545 2417 1690 2483 provincias
1701 2421 1780 2480 atque
1792 2413 1891 2464 insulas

451 2485 599 2536 mutatu
617 2484 731 2537 Honoris*
742 2486 803 2537 VII
814 2495 839 2538 et
856 2486 993 2538 Theodosii
1005 2486 1042 2537 ΙΙ
1055 2504 1081 2538 a.
1093 2491 1144 2538 409
1194 2488 1293 2552 ltaliae,
1311 2504 1358 2554 per
1375 2488 1490 2539 Africam
1508 2502 1570 2538 vero
1586 2487 1676 2538 tertiae
1694 2483 1841 2537 indictionis

355 2709 428 2775 titi
451 2706 513 2777 (414
530 2709 597 2779 Apr.
609 2709 647 2777 9).

536 2829 603 2868 marr
626 2830 674 2868 aa
696 2829 838 2867 turmo
861 2812 1035 2882 murreum)
1057 2815 1239 2884 mumulo.
1279 2814 1333 2870 Per
1355 2832 1449 2871 omnes
1472 2813 1631 2885 provincias
1655 2811 1778 2869 Orientis
1799 2827 1834 2866 ex
1851 2808 1891 2863 in·

451 2898 574 2956 dictione
592 2898 740 2955 undecima
757 2899 926 2955 Valentiaoa
943 2899 973 2954 in
990 2900 1119 2970 quintam
1135 2919 1225 2970 usque
1242 2920 1332 2972 nuper
1354 2904 1527 2959 musaeum
1545 2899 1739 2964 indictionem,
1757 2914 1891 2954 auaomm

450 2985 561 3042 scilicet
577 2985 773 3057 quadraginta,
792 2985 821 3041 id
839 2990 882 3042 est
899 3004 933 3042 ex
951 2989 1098 3043 consulatu
1115 2988 1243 3043 divorum
1251 2987 1445 3046 Valentiniani
1456 2994 1487 3045 et
1497 2986 1625 3044 Valentis
1638 2986 1740 3042 iterum
1752 2985 1891 3056 Auguste

450 3159 527 3217 nium
545 3158 719 3232 generalium
735 3158 883 3216 titulorum
901 3159 952 3215 sub
970 3177 1062 3230 aequa
1079 3160 1159 3217 lance
1177 3163 1237 3218 tam
1255 3160 1339 3217 curiis
1363 3179 1448 3230 quam
1470 3160 1609 3217 conlatori
1627 3159 1739 3231 privato
1757 3163 1788 3216 et
1806 3158 1892 3230 patri·
1930 3162 1942 3201 ⁵

450 3246 574 3311 moniali,
593 3245 704 3300 divinae
721 3245 790 3316 quin
808 3245 895 3302 etiam
917 3246 1011 3301 domui
1034 3246 1165 3316 omnique
1187 3247 1242 3304 iuri
1265 3248 1409 3314 munifico,
1432 3265 1483 3304 neo
1504 3266 1559 3304 non
1577 3252 1607 3303 et
1625 3246 1761 3312 cellariis,
1779 3247 1892 3317 praeter

450 3333 535 3389 trium
555 3332 734 3389 metallorum
756 3331 930 3388 debitoribus
951 3333 1102 3399 Docimeni,
1121 3335 1301 3392 Proconensis
1318 3340 1348 3392 et
1365 3335 1544 3404 Troadensis,
1568 3332 1753 3390 concessimus
1771 3331 1889 3402 reliqua,

450 3419 510 3475 sive
533 3418 640 3490 species
666 3419 725 3473 sive
751 3437 799 3474 aes
821 3418 941 3489 pecunia
963 3437 1061 3475 aurum
1082 3426 1285 3493 argentumque
1309 3423 1441 3487 debetur,
1459 3423 1501 3477 ita
1519 3424 1552 3476 ut
1570 3439 1621 3478 nso
1637 3420 1744 3476 horreis
1761 3422 1791 3475 et
1809 3436 1888 3488 prae·

450 3505 583 3561 sectoriae
601 3522 683 3560 arcae
700 3523 751 3560 nec
769 3507 863 3559 nostro
881 3505 990 3574 aliquid
1009 3523 1042 3560 ex
1060 3505 1105 3560 his
1122 3507 1231 3563 aerario
1249 3508 1396 3571 debeatur;
1419 3507 1562 3576 sequentis
1580 3506 1714 3577 temporis
1733 3504 1837 3562 debitis
1855 3522 1889 3561 ex

450 3591 602 3647 indictione
620 3595 699 3646 sexta
717 3609 803 3659 usque
822 3591 857 3645 ad
876 3596 1051 3661 praesentem
1069 3592 1261 3649 duodecimam
1279 3593 1486 3664 emergentibus
1502 3592 1718 3649 necessitatibus
1732 3590 1889 3648 reservatis.
1918 3593 1942 3632 1⁰

451 3694 512 3733 our.
531 3694 548 3731 v
566 3694 602 3731 ω.
622 3693 712 3731 uram.
730 3677 1022 3746 cosarn(r·r1)ror(on1)
1041 3695 1207 3733 corsramw
1225 3696 1257 3733 ar
1275 3696 1429 3733 corsrnsrn
1446 3696 1535 3734 cosas.

530 3796 566 3834 na
583 3796 675 3833 mnu
693 3798 728 3834 aa
745 3797 877 3836 scararvu
889 3799 1006 3837 animvm
1019 3791 1209 3838 incorvavit:
1228 3802 1266 3837 nn
1283 3800 1447 3838 ursmarus
1459 3784 1599 3853 oou(rrarr)
1611 3783 1777 3851 damnavit)
1790 3783 1891 3849 duam-

450 3872 575 3930 ποιων
598 3884 729 3921 rvsmmo
751 3885 916 3923 ramosrro
938 3887 1017 3924 sicar
1038 3888 1162 3926 avarem
1186 3889 1222 3926 ua
1243 3889 1347 3926 rrrvnrs
1366 3889 1403 3925 nu
1420 3887 1518 3925 ηοω
1535 3885 1643 3924 sicana
1662 3883 1888 3923 rmnsmmvs:

450 3969 489 4007 rr>
505 3970 638 4007 moroan
656 3970 875 4009 raovmmavrr:
895 3973 927 4009 nr
945 3974 979 4010 nr
996 3973 1176 4012 mamus
1192 3974 1309 4012 sororvrr
1321 3974 1360 4012 no
1377 3973 1505 4011 rorum
1523 3973 1576 4009 rna
1593 3969 1757 4009 reomaus
1774 3970 1891 4009 murm

450 4056 483 4095 ιτ
500 4057 538 4093 nu
555 4056 688 4093 andronas
706 4057 919 4095 recursum
1043 4031 1045 4034 ¹
1918 4039 1942 4077 ¹⁵

542 4211 566 4262 V

449 4333 510 4385 tin
529 4351 577 4385 oni.
592 4333 617 4381 V
693 4331 877 4400 Vproooneusi
891 4336 915 4384 V
967 4338 1148 4389 eoncesaimV
1194 4335 1289 4403 ‘nuper
1315 4334 1457 4389 transacta'
1475 4337 1536 4387 Va.
1551 4337 1640 4400 roze,
1663 4336 1810 4387 ωηειιὶαίω
1835 4335 1892 4386 Ho-

487 4401 516 4453 ll
534 4403 639 4454 indictio
651 4402 697 4453 XI
713 4403 864 4455 Valentiam
877 4407 1013 4469 respondet
1025 4425 1049 4459 a.
1062 4408 1146 4470 totle,
1196 4408 1265 4459 narii
1284 4406 1341 4458 VII
1354 4416 1378 4459 et
1405 4407 1541 4459 Theodosii
1558 4406 1594 4457 ΙΙ
1610 4424 1634 4456 a
1649 4410 1711 4469 407,
1731 4405 1836 4456 indictio
1855 4403 1896 4454 VI

449 4472 597 4522 comitiatus
615 4472 790 4523 Valentiniani
802 4473 839 4523 11
848 4482 871 4524 et
889 4474 1001 4526 Valentis
1014 4475 1048 4525 11
1059 4480 1146 4528 aeas
1196 4494 1222 4527 a.
1235 4474 1326 4540 40819,
1344 4476 1447 4528 indictio
1463 4493 1588 4543 praetem
1606 4474 1670 4525 XII
1684 4493 1707 4525 a.
1723 4476 1800 4538 413J4

449 4540 561 4605 (videtur
573 4541 651 4607 igitur
662 4542 775 4607 inteltepi
787 4542 933 4593 indictionis
938 4544 1024 4610 fiam),
1040 4545 1145 4596 indictio

352 4755 656 4833 mwffimm

537 4884 604 4921 rosus
626 4885 672 4921 nn.
697 4886 854 4924 anemurio
872 4870 1044 4937 rianmcro)
1064 4869 1245 4937 memorale.
1281 4868 1501 4939 Indulgentiam,
1523 4884 1607 4936 quam
1630 4886 1663 4923 ex
1685 4866 1833 4923 undecima
1850 4866 1892 4922 in·

450 4950 574 5009 dictione
591 4954 760 5010 Valentiaca
778 4954 807 5008 in
825 4954 952 5024 quintam
971 4973 1058 5024 usque
1076 4973 1165 5025 nuper
1182 4959 1355 5010 transactam
1374 4953 1544 5025 generaliter
1561 4971 1612 5023 per
1624 4971 1718 5008 omnes
1731 4952 1891 5023 provincias

450 5039 480 5093 et
497 5039 617 5109 populos
634 5041 793 5109 sparsimus,
811 5041 937 5096 nonnulli
958 5041 1010 5095 visi
1028 5045 1093 5097 sunt
1111 5041 1140 5094 in
1159 5059 1238 5095 suum
1258 5040 1443 5110 conpendium
1465 5039 1648 5111 rapinamque
1667 5043 1839 5103 convertere,
1858 5043 1891 5095 ut

449 5123 547 5179 tierent
566 5124 679 5193 privata
697 5126 801 5192 debita,
820 5145 892 5195 quae
911 5129 1021 5183 fuerant
1039 5125 1162 5197 publica.
1199 5128 1319 5195 Ideoque
1339 5131 1370 5181 ut
1388 5125 1553 5197 largitatem
1565 5130 1687 5181 nostram
1700 5143 1755 5180 non
1772 5127 1890 5191 nomine,

450 5210 500 5265 sed
517 5228 546 5267 re
565 5210 627 5280 ipsa
645 5211 832 5280 provinciales
850 5213 1037 5283 experiantur,
1055 5232 1073 5267 a
1090 5214 1169 5268 nullo
1187 5213 1283 5269 ordine
1302 5214 1419 5269 obtentu
1438 5211 1613 5282 anticipatus
1632 5229 1682 5281 per
1699 5229 1728 5267 se
1746 5210 1892 5266 inlatiouis
1930 5225 1942 5263 s

449 5296 567 5352 ulterius
592 5296 702 5364 aliquid
727 5298 887 5369 erigantur,
915 5318 978 5353 cum
1004 5299 1044 5355 eis
1073 5300 1197 5355 sufficere
1220 5300 1323 5355 debeat
1344 5299 1380 5355 ad
1398 5298 1558 5364 medellam,
1578 5295 1715 5371 quidquid
1737 5300 1766 5353 et
1784 5296 1840 5373 ipsi
1857 5316 1891 5361 cx

448 5504 544 5574 3uiai]
571 5507 645 5573 Vm,
662 5510 704 5561 usi
720 5510 744 5559 V
