4800 6400
547 725 666 776 ursvur
1258 725 1277 785 6

721 890 925 947 CORPORIS
946 890 1074 943 PLENI
1194 891 1334 946 TITVLI

603 996 699 1066 (VIII).
717 996 758 1051 De
778 994 869 1051 officio
887 993 1051 1063 quaestoris.

753 1085 778 1136 A
796 1098 852 1135 nen.
866 1098 929 1134 run.
943 1083 998 1134 loco
1010 1085 1094 1135 sertio:
1112 1085 1144 1136 de
1157 1085 1242 1136 officio

787 1171 943 1237 quaestoris:
961 1185 1050 1222 oursm
1073 1171 1185 1222 habebnt
1206 1171 1243 1222 ls-

787 1257 899 1309 teroulis.
929 1282 964 1292 -
996 1256 1139 1321 quaestoris
1168 1255 1243 1320 Iust,

789 1350 953 1409 quaestorum
966 1340 991 1391 A

593 1428 702 1497 (VIIII).
720 1426 778 1549 DeA
779 1425 870 1481 officio
888 1423 1017 1496 magistri
1035 1422 1195 1478 officiorum.

647 1583 700 1653 (X).
720 1582 760 1637 Do
784 1580 875 1635 officio
897 1579 1007 1634 comitis
1029 1596 1169 1634 sacrarum
1190 1579 1244 1634 ler-

718 1649 864 1721 gitionum.

753 1739 778 1788 A
796 1752 853 1789 nin.
866 1752 930 1789 m.
948 1737 1004 1788 loco
1025 1742 1133 1801 quarto:
1154 1735 1186 1786 de
1208 1736 1244 1786 ot·

788 1825 847 1877 ficio
868 1824 968 1876 comitis
991 1838 1064 1875 soors
1085 1822 1244 1887 largicionis:

787 1926 859 1962 suere
869 1910 1037 1977 lsrgieionum
1047 1907 1188 1974 recipiebat
1200 1907 1244 1958 tri·

787 1996 853 2049 butu
870 1996 984 2063 principe
1002 1993 1069 2061 (sio).

637 2081 704 2151 (xl).
722 2080 763 2136 De
781 2078 872 2134 officio
891 2077 1001 2133 comitis
1018 2077 1059 2133 rei
1076 2076 1214 2146 privatus.

753 2170 778 2221 A
797 2182 853 2220 run.
866 2181 929 2218 run
952 2168 1007 2219 loco
1030 2167 1129 2232 qssinsoe
1151 2166 1183 2217 de
1208 2166 1245 2215 ot-

787 2254 846 2305 fioio
866 2252 966 2308 somis's
982 2253 1019 2303 roi
1037 2254 1148 2319 private:
1169 2251 1245 2317 qussi

786 2345 918 2391 exactores
935 2339 1102 2406 privatorum.

621 2423 702 2491 (ΧΠ).
720 2422 780 2544 ΒΘΑ
779 2419 871 2476 officio
889 2420 1062 2490 proconsulis
1080 2422 1110 2475 et
1125 2418 1224 2491 legati.

605 2577 699 2646 (XIII).
718 2575 759 2632 De
778 2574 869 2630 officio
888 2574 999 2630 comitis
1016 2574 1147 2631 Orientis.

754 2665 780 2715 A
797 2678 854 2716 nen.
866 2679 929 2716 m.
947 2665 1002 2716 loco
1018 2673 1100 2717 sotto:
1118 2666 1149 2716 de
1160 2665 1245 2716 officio

788 2751 887 2802 comitis
915 2751 1040 2803 Orientis:
1072 2752 1098 2801 id
1128 2758 1167 2803 est
1192 2767 1246 2802 non

790 2837 900 2903 amplius
911 2853 988 2902 quom
1000 2837 1148 2902 quingentis
1163 2838 1246 2904 speri-

789 2922 888 2973 toribus
910 2923 1036 2985 habeant,
1058 2940 1122 2988 quus
1142 2922 1246 2986 quidem

789 3008 901 3075 publicis
912 3009 1110 3060 necessitatibus
1126 3008 1190 3060 sdeo
1202 3025 1246 3059 uo·

789 3095 874 3147 vimus
909 3095 1011 3147 obunde
1049 3096 1186 3161 subpetero
1220 3102 1246 3146 et

789 3183 864 3247 qussi
883 3181 1000 3249 magistri
1017 3186 1176 3233 exactorum.

597 3262 705 3332 (Xilll).
725 3264 766 3319 De
784 3264 875 3320 officio
893 3264 1030 3334 pruefeoti
1047 3263 1219 3336 Augustalis.

755 3354 781 3404 A
799 3368 855 3405 neu.
868 3368 932 3405 mn.
951 3354 1007 3406 looo
1024 3355 1144 3420 septimo:
1161 3354 1192 3405 de
1209 3354 1246 3404 ol·

789 3440 847 3490 ticio
882 3441 988 3507 presenti
1017 3439 1164 3506 Agustslis:
1201 3440 1246 3490 hn-

789 3526 867 3577 bebsl
884 3527 998 3578 officium
1015 3543 1060 3593 per
1073 3510 1245 3590 AgustumA

788 3617 814 3661 et
830 3612 863 3662 sb
882 3611 943 3677 Au}
956 3609 997 3677 (l).

622 3690 701 3758 (XV).
719 3690 760 3745 De
778 3690 869 3746 officio
887 3692 993 3747 vicarii.

754 3778 779 3828 A
797 3794 854 3831 nin.
867 3794 931 3831 nnn.
955 3783 1009 3834 looo
1033 3792 1133 3835 octauo:
1157 3784 1188 3836 ds
1210 3786 1247 3835 oi·

792 3866 851 3917 finio
880 3866 985 3918 vicarii:
1015 3870 1138 3935 quioquid
1166 3870 1247 3921 reolu-

791 3968 862 4003 msre
878 3959 925 4003 sut
941 3955 1036 4005 referre
1053 3955 1086 4006 od
1106 3956 1248 4022 prinoipem

790 4038 928 4102 noluerint,
945 4040 1057 4106 primum
1073 4041 1106 4092 sd
1122 4041 1248 4093 vionrium

789 4124 942 4174 referebant.

609 4203 702 4273 (xvi).
720 4204 761 4260 De
780 4205 871 4261 officio
888 4205 1004 4263 rectoris
1023 4207 1191 4277 provincius.

592 4341 700 4410 (xvll).
718 4343 760 4398 De
786 4343 877 4421 ⁰.ffi⁰i9
904 4343 1051 4399 rationulis
1077 4363 1247 4401 summarum

721 4415 751 4467 et
768 4428 809 4465 rol
827 4416 964 4482 privatus.

755 4515 811 4551 nin.
828 4515 891 4551 ΓΔΒ.
917 4501 972 4553 loco
992 4520 1074 4553 nono:
1099 4504 1130 4555 de
1153 4521 1177 4555 o.
1189 4521 1210 4554 r.
1223 4521 1243 4554 s.

789 4594 816 4637 et
837 4587 874 4638 rei
890 4588 1001 4654 private:
1024 4588 1050 4638 id
1067 4597 1106 4640 est
1123 4590 1183 4640 dei.
1198 4627 1204 4639 .
1218 4626 1246 4640 ..

789 4673 879 4723 domus
890 4673 1021 4738 principis.
1030 4700 1063 4707 -
1074 4673 1115 4723 As
1128 4674 1175 4724 hoo
1186 4673 1247 4725 indo

790 4759 844 4809 loco
863 4774 928 4823 pisos
946 4766 1086 4823 sepimuntr
1108 4759 1246 4825 deficienti-

790 4845 836 4894 bus
862 4844 972 4895 rubricis
998 4844 1093 4894 codicis
1111 4845 1135 4893 A
1158 4862 1247 4909 quam-

789 4946 867 4994 quam
881 4946 932 4994 per
949 4930 1103 4981 breuem
1115 4930 1248 4981 Alarioio-

790 5030 853 5064 uum
892 5023 915 5066 et
954 5015 1063 5066 iudicem
1098 5015 1249 5067 Par-isinum

791 5100 919 5163 quaedam
939 5117 1028 5151 sorum
1045 5110 1160 5153 seruatus
1177 5111 1245 5168 suut,

793 5192 877 5236 tomen
888 5187 1029 5251 plerosque
1045 5196 1105 5238 sunt
1119 5188 1212 5239 dubiae
1223 5197 1248 5239 st

793 5270 1059 5323 denumrninceru
1074 5275 1169 5324 omniu.
1197 5274 1247 5326 Ro-

793 5356 857 5407 tiruu'
881 5374 926 5421 syo
951 5359 1154 5410 numerationem
1174 5360 1247 5410 Hae·

791 5443 923 5493 aetianam
944 5443 1113 5494 arbitrarium
1134 5446 1246 5509 ormino,

791 5528 837 5579 ssd
852 5536 986 5593 receptum.

1394 890 1625 964 BREVIARII
1642 889 1889 945 ALARIOIANI

1349 5529 1475 5582 NABLS

1897 724 1961 773 LlB.
1976 723 1988 771 l
