4800 6400
576 756 644 822 VII
665 761 707 823 22
730 760 835 822 8-12
1269 757 1331 820 358
1409 757 1456 811 Dii
1472 755 1573 809 mus
1589 757 1697 810 urbm.
1713 755 1869 810 masur.
1887 752 1933 809 m·
1949 754 2125 809 VETERAN.

423 926 804 1000 mmmmm

661 1049 755 1089 mss.
771 1047 1001 1097 summersus,
1012 1046 1119 1086 vuum
1134 1046 1168 1086 rr
1184 1045 1341 1086 caurum
1357 1047 1425 1087 uas
1438 1047 1477 1086 aa
1495 1047 1606 1087 raom
1623 1032 1820 1099 sumu)
1838 1029 2019 1100 ι’(ωτοιὼ.

576 1119 664 1177 Filios
680 1124 882 1184 veteranorum,
900 1117 950 1188 qui
966 1121 1093 1174 umatus
1108 1114 1246 1187 militiate]
1264 1115 1430 1186 pmirssnt,
1448 1116 1474 1173 si
1490 1116 1520 1173 in
1538 1116 1639 1174 officiis
1656 1116 1780 1189 publicis
1798 1117 1844 1174 vel
1861 1115 2021 1174 ministerio

576 1207 769 1264 chartularum
785 1211 872 1276 atque
889 1202 1083 1261 observatione
1103 1201 1245 1260 rationum
1265 1201 1458 1270 inveniuntur,
1481 1202 1555 1261 sciat
1579 1208 1630 1261 tua
1646 1203 1793 1262 sinceritas
1810 1221 1871 1261 esse
1887 1220 2020 1260 revocan-

577 1295 633 1350 dos.
672 1291 784 1350 Etenim
806 1291 845 1356 hi,
863 1290 964 1362 quibus
988 1290 1033 1346 vel
1055 1288 1179 1361 corporis
1200 1290 1285 1345 robur
1306 1289 1351 1346 vel
1375 1295 1485 1347 statura
1506 1290 1640 1356 defuerit,
1665 1290 1715 1362 qui
1737 1289 1915 1348 comitatensi
1937 1289 2019 1362 digni

576 1380 685 1452 possint
705 1398 765 1436 esse
789 1377 906 1443 militia,
927 1375 1032 1448 ripensi
1055 1380 1188 1447 poterunt
1212 1376 1348 1448 copulari
1385 1378 1580 1447 riso)r(osm)
1598 1379 1712 1448 uorsus)
1730 1394 1769 1434 xv
1786 1394 1851 1433 un.
1869 1393 1952 1433 nar.
1971 1394 2020 1433 rso-

576 1485 659 1523 nrsro
675 1484 709 1523 su
725 1483 864 1523 naussum
881 1481 970 1520 cossa

663 1642 690 1694 Β

576 1763 593 1818 4
611 1764 668 1832 qui]
685 1767 797 1833 fortasse
815 1771 845 1816 ut
896 1761 1060 1816 comitatensi
1071 1762 1113 1814 Β·
1180 1758 1344 1831 §poteruntl
1364 1761 1547 1830 Gottefredss,
1564 1762 1737 1832 putrueruntB

422 1954 485 2022 vn,
497 1955 567 2021 229
579 1953 642 2025 (380
658 1950 725 2011 itai.
739 1953 791 2023 14).

661 2073 754 2113 mss.
779 2072 943 2122 sumans,
970 2071 1193 2112 summum
1217 2071 1251 2110 rr
1277 2071 1444 2112 rnouosxvs
1470 2072 1537 2112 su„
1583 2054 1756 2125 Quicumque
1774 2054 1909 2114 castrensi
1933 2056 2023 2129 stirpe

421 2142 739 2216 q.43t1⁴progmitoe
763 2139 880 2200 everris
904 2158 935 2199 ss
961 2139 1061 2198 officiis
1083 2140 1090 2212 Ι
1114 2140 1288 2207 indiderunt,
1318 2139 1406 2200 etism
1432 2159 1518 2198 mauu
1541 2140 1647 2200 iniecta
1664 2142 1857 2209 retrahantur,
1875 2141 2024 2213 sciantque

576 2229 702 2289 veteram
719 2228 823 2287 liberos
839 2245 911 2293 suos.
928 2245 999 2298 quos
1015 2226 1189 2286 militaribus
1207 2232 1291 2300 aptos
1308 2225 1410 2284 muniis
1428 2227 1545 2286 insitum
1555 2227 1641 2284 robur
1651 2230 1789 2294 ostendat,
1802 2233 1854 2286 aut
1870 2228 2024 2286 offerendos

576 2333 636 2374 esse
656 2313 779 2372 militias
804 2318 856 2371 ant
880 2313 1014 2370 obnoxios
1035 2317 1148 2370 nostrae
1169 2313 1242 2386 legis
1263 2313 1372 2385 laqueis
1395 2313 1453 2370 iam
1476 2315 1592 2372 tuturos
1632 2331 1746 2371 sumus
1768 2333 1854 2372 mas
1870 2332 2023 2374 coremur

573 2416 1756 2459 raomsrsnmsoorammm.nuemmuouvrrrnouossoaroorsa

663 2573 1268 2646 a-mmmemamuuam

578 2699 841 2769 2progsnittssstin
902 2697 1094 2768 equus-,s
1156 2697 1275 2752 tuostra
1328 2715 1446 2752 mmenm
1548 2696 1720 2767 tltproptsr
1743 2700 2025 2768 mtsmpsonsnviss

578 2769 604 2822 Β
670 2768 875 2839 spusennes
936 2767 1272 2823 summimus-
1327 2769 1497 2835 adnm-t

424 2958 486 3024 VH,
495 2959 537 3025 22,
548 2959 581 3015 10
597 2959 659 3031 (380
676 2954 779 3029 Iut'8t

663 3081 731 3119 mn
748 3080 816 3119 usa
836 3080 875 3118 u>
891 3079 1004 3119 rmou
1021 3061 1163 3132 commu)
1182 3062 1337 3133 orimum).
1371 3062 1436 3118 Non
1453 3061 1543 3118 solum
1560 3059 1590 3116 in
1608 3061 1725 3119 diverus
1743 3061 1842 3119 officiis
1860 3064 2025 3135 militantes,

577 3152 627 3210 ssd
644 3150 732 3209 etism
749 3153 882 3207 vacantes
898 3149 981 3207 rebus
1002 3147 1125 3222 propriis
1147 3153 1342 3208 veteranorum
1365 3166 1399 3206 sc
1423 3146 1547 3207 militnm
1569 3147 1642 3205 filios
1663 3153 1790 3208 ωηο
1808 3149 1929 3211 militiae
1948 3154 2025 3212 volu·

578 3257 640 3295 mus
655 3236 765 3295 sociari
800 3237 889 3293 Nulla
906 3235 996 3309 igitur
1011 3236 1050 3294 sit
1067 3235 1255 3295 excusationis
1273 3236 1391 3295 occasio.
1430 3253 1492 3293 pur.
1512 3253 1564 3293 vm
1584 3253 1622 3293 m.
1640 3254 1694 3294 rvr.
1712 3237 1939 3310 namuurum)
1957 3258 2024 3299 aas·

579 3341 663 3380 nuno
681 3342 700 3379 v
716 3341 750 3381 rr
767 3340 916 3380 rsuouosuo
933 3340 945 3379 1
962 3342 1010 3380 ss.
1028 3339 1118 3380 corsa

665 3501 692 3553 Β

581 3620 782 3677 sums·

426 3810 581 3876 V11,22,11
600 3810 661 3879 (380
679 3809 755 3880 Sept.
765 3808 801 3878 8).

666 3931 733 3969 muns
754 3927 1065 3976 cismarinorum,
1087 3911 1256 3979 uiaarssm)
1279 3910 1387 3981 s(os1s).
1428 3908 1457 3964 Si
1481 3909 1532 3964 filii
1558 3908 1776 3980 primipilarium
1793 3910 1897 3982 reperti
1914 3909 2027 3976 fuerint,

579 3999 628 4069 qui
647 3999 764 4071 ingressi
782 3997 924 4070 legitimos
942 4015 1029 4053 annos
1048 3997 1133 4053 nullis
1150 3996 1300 4068 stipendiis
1317 3996 1479 4063 fulciuntur,
1492 3996 1541 4053 sed
1559 4014 1633 4052 anno
1651 3995 1785 4067 proximo,
1798 4015 1854 4067 quo
1872 3997 1909 4053 ad
1920 3997 2028 4053 curiam

580 4085 686 4143 nsunt
703 4084 835 4149 lacessiti,
853 4089 944 4141 semet
962 4083 1083 4140 militiae
1100 4082 1299 4154 manciparint,
1318 4084 1355 4138 sd
1373 4082 1480 4138 curiam
1494 4086 1649 4153 teneantur,
1664 4082 1705 4139 ita
1718 4087 1750 4139 ut
1762 4101 1796 4140 ne
1808 4083 1893 4139 officii
1905 4083 2027 4153 quidem,

581 4190 644 4227 cum
661 4175 804 4228 transacto
822 4188 895 4226 anno
913 4188 972 4227 esse
992 4169 1135 4241 coeperint
1154 4169 1282 4235 curiales,
1301 4171 1484 4240 praepostera
1503 4167 1635 4225 audiatur
1653 4168 1728 4225 circa
1750 4169 1810 4225 eius
1827 4188 1976 4240 personam
1993 4189 2028 4227 ac

548 4258 643 4315 lsera
659 4258 772 4330 petitio.
842 4257 922 4321 Quod
948 4257 972 4312 si
998 4256 1028 4312 in
1055 4257 1154 4313 eadem
1176 4256 1258 4312 domo
1280 4256 1335 4312 duo
1357 4255 1409 4310 filii
1433 4259 1515 4312 erunt
1538 4260 1568 4312 et
1590 4255 1681 4312 letum
1705 4256 1775 4312 adeo
1797 4255 1920 4325 felixque
1938 4257 2025 4327 patri-
2065 4268 2077 4307 s

581 4344 712 4412 monium,
731 4343 807 4413 quod
824 4343 914 4415 possit
926 4343 1081 4413 duplicium
1092 4342 1293 4400 necessitatum
1305 4342 1447 4414 suscipere
1460 4342 1624 4409 functiones,
1637 4360 1722 4398 unum
1740 4343 1883 4413 oportebit
1897 4342 2027 4409 militiae,

581 4450 667 4489 unum
684 4430 778 4488 curiae
796 4429 941 4486 vindicari
977 4430 1056 4497 Quod
1073 4429 1240 4487 servandum
1258 4428 1321 4500 pari
1337 4447 1434 4484 norma
1452 4428 1513 4494 erit
1532 4428 1556 4483 si
1574 4431 1631 4485 tres
1649 4434 1699 4484 aut
1717 4433 1852 4498 quattuor
1876 4429 1959 4486 liberi
1979 4431 2023 4486 vel

582 4519 670 4577 etiam
694 4519 788 4589 plures
809 4533 923 4573 numero
945 4516 1084 4572 familiam
1105 4515 1230 4573 eiusdem
1247 4515 1343 4587 stirpis
1361 4514 1534 4581 ornaverint,
1554 4520 1586 4571 nt
1603 4514 1691 4572 etiam
1709 4533 1743 4572 ex
1760 4515 1912 4572 numerosis
1931 4516 2025 4574 fratri-

582 4609 634 4664 bus
660 4625 731 4663 unns
752 4606 790 4661 ad
815 4603 921 4661 curiam
943 4602 1100 4661 devocetur.
1141 4621 1204 4660 usn.
1222 4620 1253 4659 vr
1270 4620 1306 4658 m.
1325 4619 1398 4659 surr.
1421 4619 1515 4659 mauro
1534 4618 1672 4658 canusso
1691 4620 1709 4657 v
1733 4620 1766 4658 rr
1783 4619 1933 4658 rsaouosro
1950 4620 1962 4657 1
1980 4622 2027 4658 u.

582 4710 671 4749 eonas.
2056 4699 2082 4739 ro

669 4870 695 4922 Β

583 4992 600 5045 1
617 4991 722 5046 habsB
777 4988 884 5058 nsotsri]
898 4989 992 5043 scitha
1003 4988 1155 5057 praefectur
1167 4986 1302 5053 praetorio
1397 4983 1415 5038 4
1433 4984 1552 5051 curiales]
1563 4986 1611 5048 Rs,
1629 4984 1787 5039 curialist
1841 4994 1989 5055 propostsra
2001 4988 2027 5040 Β

430 5186 490 5254 VII,
500 5187 543 5252 22,
554 5187 586 5241 12
604 5180 667 5250 (398
685 5179 761 5251 Sept.
773 5180 826 5250 26).

669 5301 744 5339 rurs.
766 5300 903 5340 saouurvs
923 5300 956 5338 au
980 5299 1118 5338 uosonrvs
1139 5299 1186 5336 ns.
1212 5296 1362 5336 srmcuoru
1385 5281 1501 5350 eostur)
1524 5296 1557 5333 rc
1573 5294 1711 5335 nomino
1730 5294 1881 5341 vramsovu
1899 5295 2030 5334 murus„

430 5395 457 5448 q.
469 5376 504 5433 43
521 5376 569 5432 t2
586 5370 723 5433 Quoniam
741 5368 793 5424 filii
811 5374 1004 5426 veteranorum
1022 5370 1058 5425 ad
1076 5368 1186 5426 diversa
1204 5366 1297 5424 officis
1314 5384 1343 5423 se
1362 5366 1551 5431 contulerunt,
1575 5365 1632 5421 hac
1652 5364 1816 5434 sanctione!
1833 5365 2030 5438 praecipimus,

586 5548 604 5603 2
621 5550 689 5602 hauc
700 5547 726 5600 Β
