4800 6400
552 713 656 784 XIIII
678 722 697 783 l
721 716 827 784 8-10
1251 715 1313 782 782
1354 716 1402 770 DE
1418 715 1559 786 fflBssfl,
1575 716 1758 773 valms
1775 716 1828 772 lar
1844 715 2104 774 simma

553 908 582 946 se
600 888 694 945 officia
711 887 863 946 contulisse
880 890 931 944 aut
948 886 1178 944 adnotationibus
1202 887 1247 944 vel
1269 887 1414 944 rescribtis
1435 891 1547 944 normae
1569 887 1732 946 serenitatis
1753 886 1880 954 elicitis,
1901 887 1942 944 ad
1958 906 2016 943 mu·

553 995 605 1030 nus
629 973 779 1046 pristinum
803 977 978 1038 revocentur,
999 978 1059 1030 tam
1081 973 1131 1043 qui
1154 978 1274 1044 paterno
1300 992 1385 1042 quam
1407 972 1457 1044 qui
1477 978 1605 1031 materno
1627 991 1730 1047 genere
1752 973 1947 1032 inveniuntur
1969 975 2015 1032 cb·

554 1062 642 1119 noxii:
661 1064 774 1132 oportet
791 1060 865 1115 enim
884 1059 990 1115 viribus
1008 1058 1131 1124 vacuari,
1149 1078 1221 1130 quae
1245 1059 1274 1115 in
1292 1059 1471 1131 dispendium
1492 1061 1638 1132 publicum
1660 1061 1882 1119 adumbratione
1901 1066 2014 1119 extorta

553 1149 619 1204 sint.
655 1146 790 1216 Nullique
808 1145 921 1216 penitus
939 1146 975 1200 ad
993 1144 1148 1214 quemlibet
1166 1146 1300 1202 honorem
1317 1146 1409 1216 adque
1431 1146 1563 1203 militiam
1581 1147 1677 1204 aditus
1694 1147 1845 1204 tribuatur
1861 1152 1894 1204 et
1912 1147 2013 1218 siqua

553 1235 685 1305 deinceps
704 1234 737 1289 de
755 1231 857 1289 nostris
873 1230 1011 1288 altaribus
1030 1250 1080 1302 per
1097 1232 1309 1289 adnotationem
1327 1235 1372 1289 vel
1389 1233 1557 1291 rescribtum
1573 1235 1618 1290 vel
1637 1235 1767 1305 quolibet
1784 1252 1892 1307 genere
1905 1235 2012 1292 firemnt
2045 1251 2057 1290 s

521 1320 534 1374 l
554 1319 653 1376 elicita
672 1321 716 1375 vel
734 1317 918 1383 emendicata,
937 1322 1088 1374 cassentur.
1182 1318 1237 1374 Eos
1257 1319 1351 1384 etiam,
1370 1319 1419 1389 qui
1437 1320 1475 1376 ad
1492 1320 1642 1377 clericatus
1659 1339 1689 1379 se
1706 1320 1864 1394 privilegia
1883 1321 2009 1377 contule

553 1409 626 1471 runt,
649 1409 700 1461 aut
723 1421 873 1476 agnoscere
894 1406 1008 1475 oportet
1025 1403 1169 1477 propriam
1186 1405 1361 1461 functionem
1378 1409 1430 1462 aut
1454 1405 1481 1463 ei
1505 1406 1615 1478 corpori
1638 1407 1714 1478 quod
1730 1406 1881 1465 declinant
1899 1407 2009 1479 proprii

519 1489 536 1543 2
554 1490 717 1565 patrimonii
735 1493 826 1547 facere
846 1491 1005 1548 cessionem.
1076 1490 1099 1547 Ii
1118 1510 1191 1557 vero,
1211 1491 1260 1562 qui
1277 1491 1394 1563 praedia
1412 1491 1533 1549 obnoxia
1551 1492 1659 1566 corpori
1677 1493 1722 1550 vel
1740 1511 1775 1551 cx
1793 1497 1895 1566 empto
1908 1495 1956 1551 vel
1973 1511 2008 1552 ex

555 1581 659 1636 donato
678 1578 722 1634 vel
741 1595 774 1634 ex
792 1577 921 1648 quolibet
939 1577 1026 1633 titulo
1044 1580 1149 1644 tenent,
1168 1596 1219 1649 pro
1237 1581 1300 1634 rata
1317 1578 1463 1649 publicum
1481 1598 1580 1635 munus
1592 1584 1748 1652 agnoscant
1758 1585 1812 1637 aut
1824 1578 2008 1651 pomoni-

520 1661 537 1716 3
555 1668 608 1723 bus
626 1665 736 1721 cedant.
840 1663 922 1719 Circa
940 1663 1049 1734 reliqua
1066 1664 1154 1721 etiam
1172 1682 1296 1735 corpora,
1316 1683 1388 1734 quae
1411 1666 1449 1722 ad
1467 1665 1619 1739 privilegia
1640 1666 1718 1722 urbis
1735 1666 1843 1723 Romae
1862 1667 2009 1738 pertinere
2035 1683 2058 1724 ιο

555 1756 719 1816 noscuntur,
743 1751 842 1807 eadem
862 1750 1008 1821 praecepti
1030 1750 1117 1806 nostri
1141 1752 1231 1807 sonna
1253 1756 1385 1809 servetur.
1422 1769 1484 1809 nar.
1507 1770 1579 1808 xvm
1596 1770 1660 1808 nu
1679 1770 1737 1808 rsa
1755 1770 1852 1809 som
1870 1770 1962 1810 sasso
1978 1771 2011 1809 rr

555 1856 684 1895 summm
701 1855 791 1894 conss.

648 2015 671 2068 V

556 2138 636 2192 lant
653 2135 791 2190 alaeam
867 2134 1038 2188 Vreuocetur
1052 2134 1078 2185 V
1125 2142 1176 2187 tam
1195 2131 1249 2204 qul]
1305 2135 1362 2202 due,
1380 2142 1468 2188 exorta
1484 2136 1510 2187 V
1589 2132 1651 2190 set
1668 2133 1700 2206 si]
1716 2134 1906 2206 Gothosrcdus,
1923 2137 1975 2190 uisi
1990 2136 2016 2188 V

556 2209 683 2269 masao,
702 2204 875 2273 tamquamV
949 2202 1092 2271 textore]
1114 2205 1250 2273 Gothosre-
1342 2204 1454 2257 chii?

400 2429 490 2497 anu,
503 2429 558 2496 sc
575 2430 636 2499 (417
654 2428 782 2498 necas).

640 2547 715 2585 nmr.
738 2531 898 2597 aoaosbvs)
921 2545 953 2582 ar
974 2532 1162 2599 rusco(os1vs)
1185 2548 1232 2584 aa.
1255 2546 1391 2585 omnimo
1414 2533 1590 2600 r(aaasucro)
1616 2531 1799 2599 ainamma
1843 2549 1912 2588 rosc
1928 2551 2008 2589 anu:

555 2618 598 2672 Ad
617 2616 803 2673 excludendas
820 2619 1001 2688 patronorum
1019 2615 1241 2671 caudicariorum
1265 2616 1376 2672 fraudes
1402 2622 1431 2673 et
1452 2616 1646 2673 Portuensium
1664 2618 1741 2673 furta
1757 2635 1919 2676 mensorum
1937 2638 2008 2675 unus

555 2723 570 2761 e
588 2703 714 2774 patronis
731 2701 819 2758 totius
837 2718 971 2756 consensu
988 2701 1112 2771 corporis
1129 2700 1261 2773 eligatur,
1279 2701 1328 2772 qui
1342 2720 1393 2772 per
1404 2701 1625 2771 quinquennium
1638 2703 1793 2759 custodiam
1807 2705 2007 2762 Portuensium

553 2787 691 2859 suscipiat
710 2787 892 2853 conditorum,
911 2787 1115 2843 clandestinum
1133 2788 1170 2843 ad
1194 2788 1318 2860 collegas
1342 2787 1438 2859 digma
1461 2788 1607 2855 missurus,
1626 2807 1660 2846 ne
1678 2789 1799 2861 quidex
1817 2791 1913 2862 specie
1932 2793 2009 2848 fraus

553 2876 666 2931 occulta
685 2879 826 2931 vectorum
846 2873 983 2944 pessimae
1001 2873 1151 2943 qualitatis
1169 2872 1297 2930 inmutet
1335 2874 1387 2929 cni
1406 2875 1602 2945 praemisista
1616 2875 1773 2942 deferimus,
1792 2880 1833 2943 ut,
1852 2876 1876 2931 si
1897 2876 2009 2949 optima
2044 2891 2055 2928 s

554 2963 608 3017 fide
631 2958 872 3017 administraverit
895 2977 993 3013 munus
1017 2958 1187 3025 iniunctum,
1211 2964 1277 3030 post
1295 2961 1423 3030 expletas
1441 2961 1567 3017 lustralis
1585 2961 1789 3018 sollicitudinis
1813 2967 1907 3020 metas
1925 2963 2009 3019 comi-

555 3048 632 3104 tivae
656 3047 735 3104 tertii
759 3045 862 3101 ordinis
887 3045 990 3100 honore
1012 3047 1169 3101 cumuletur
1191 3046 1275 3115 idque
1293 3065 1347 3101 non
1366 3047 1423 3102 iam
1442 3066 1475 3102 ex
1494 3047 1635 3104 codicillis
1654 3048 1770 3114 nostris,
1790 3049 1840 3104 sed
1858 3049 2009 3105 constituti

554 3132 637 3187 istius
659 3135 846 3203 consequatur
866 3130 988 3195 indulto;
1012 3131 1199 3202 deprehensus
1222 3131 1251 3186 in
1273 3133 1371 3189 fraude
1394 3132 1496 3188 amisso
1518 3132 1688 3205 patrimonio
1712 3134 1750 3189 ad
1775 3133 1891 3207 pistrini
1920 3136 2009 3194 etiam

555 3219 651 3274 munia
673 3218 765 3289 prima
786 3222 939 3274 revocetur.
976 3218 1051 3272 Illud
1072 3217 1159 3274 etiam
1184 3217 1369 3284 decernimus,
1392 3237 1427 3274 ne
1454 3219 1482 3274 in
1509 3219 1635 3291 singulos
1661 3225 1718 3277 tres
1744 3221 1849 3292 primos
1872 3226 2009 3294 patronos

557 3324 704 3376 corporum
721 3304 893 3376 singulorum
911 3304 953 3358 vir
965 3304 1135 3359 clarissimus
1147 3304 1347 3376 p(rae)I(ectus)
1365 3307 1512 3374 ann(ouae)
1529 3304 1573 3361 ius
1585 3306 1691 3363 habeat
1706 3307 1861 3378 corporalis
1872 3308 2008 3374 iniuriae;
2035 3321 2058 3361 ιο

556 3411 622 3449 nam
644 3391 748 3447 sufficit
769 3391 798 3445 in
821 3390 1029 3461 delinquentem
1045 3389 1199 3461 inl(ustris)
1224 3391 1324 3447 urbani
1348 3409 1462 3448 censura
1487 3391 1593 3448 iudicii.
1632 3410 1694 3448 oar.
1717 3410 1757 3448 vn
1779 3411 1844 3450 aar„
1867 3399 2009 3467 navus)

557 3480 727 3549 narbam)
744 3479 889 3549 nosoa(1o)
908 3497 934 3531 Α.
953 3495 983 3532 x1
1001 3494 1033 3531 su
1050 3480 1239 3550 consulario)
1257 3495 1279 3533 11
1297 3484 1323 3533 ἢ.
1341 3483 1365 3534 ὃ.
1384 3496 1472 3534 cosas.

650 3654 674 3703 V

557 3775 574 3827 8
591 3775 781 3843 depraehensus
797 3772 819 3823 V
869 3775 984 3826 fraudem
1000 3773 1024 3824 V
1090 3774 1107 3827 9
1124 3773 1253 3844 siugulos]
1273 3776 1457 3843 Goltosrcdac,
1476 3778 1587 3845 singulis
1604 3776 1627 3826 V

1797 3899 2008 3911 ———-.—.-

402 3981 492 4049 XIIII,
503 3981 529 4048 4,
543 3980 576 4037 10
593 3980 656 4051 (419
673 3979 724 4034 Iul.
738 3980 789 4048 29).

644 4100 711 4138 max
724 4103 771 4139 aa.
784 4101 919 4139 assumo
932 4085 1106 4153 alarespurc)
1118 4086 1299 4155 demonio.
1336 4084 1442 4141 Suariis
1455 4085 1582 4157 pecuarii
1595 4084 1759 4156 iungantur:
1778 4087 1830 4142 sub
1844 4088 1900 4144 hac
1913 4092 2013 4146 tamen

558 4169 719 4225 condicione
743 4170 848 4227 decreti
866 4188 982 4241 corpora
1001 4172 1127 4226 volumus
1148 4171 1277 4238 miscere,
1297 4175 1329 4228 ut
1353 4171 1476 4228 rescissis
1495 4171 1665 4244 privilegiis,
1688 4190 1760 4243 quac
1778 4172 1949 4245 impetrasse
1967 4175 2010 4231 di·

524 4259 537 4313 l
558 4260 666 4323 cuntur,
683 4256 788 4312 mixtae
806 4274 953 4328 corporum
971 4256 1047 4312 vices
1065 4257 1180 4314 alternis
1198 4258 1353 4330 fungantur
1371 4258 1477 4314 officiis.
1589 4258 1697 4323 Quibus
1715 4278 1779 4315 cum
1797 4259 1861 4331 lege
1879 4261 2009 4318 concedi·

556 4363 625 4412 mus,
643 4348 676 4399 ut
694 4362 811 4414 corpora
829 4349 943 4400 externa
961 4344 1118 4417 iungamus,
1136 4363 1152 4401 e
1169 4362 1199 4401 re
1218 4349 1268 4410 est,
1289 4346 1383 4401 uthis
1402 4364 1513 4416 quoque
1532 4364 1596 4401 suas
1613 4345 1692 4403 reddi
1704 4345 1851 4403 iubeamus
1863 4364 2007 4418 personas,

557 4449 627 4501 quas
650 4429 775 4486 rescissis
801 4429 922 4486 omniurn
950 4430 1107 4503 privilegiis
1134 4431 1254 4487 vinculis
1281 4431 1414 4504 gratiosis
1439 4430 1601 4498 sententiis,
1625 4431 1649 4487 si
1673 4450 1743 4502 quas
1764 4431 1794 4487 in
1821 4433 2010 4489 abolitionem
2047 4466 2058 4505 5

557 4516 695 4589 genuinae
720 4515 873 4573 functionis
898 4517 1002 4572 callida
1026 4517 1123 4573 fraude
1141 4522 1313 4583 meruerunt,
1331 4518 1445 4576 restitui
1470 4538 1533 4575 cum
1557 4518 1742 4575 facultatibus
1765 4516 1822 4574 suis
1841 4518 2010 4588 posthabIta

522 4602 539 4657 2
557 4603 702 4659 dilatione.
800 4602 888 4658 Nulla
906 4607 999 4659 tamen
1017 4622 1065 4660 eos
1083 4604 1207 4674 corporis
1224 4603 1344 4661 iniuuae
1362 4605 1479 4662 formido
1497 4606 1647 4676 percellat:
1665 4623 1730 4661 nam
1752 4603 1958 4676 praecipimus,
1976 4610 2009 4663 ut

557 4693 614 4745 tres
636 4688 719 4743 huius
737 4688 861 4759 corporis
885 4687 1055 4760 principales
1079 4690 1146 4747 terti
1164 4689 1269 4746 ordinis
1286 4690 1448 4748 comitivam
1465 4691 1618 4762 recipiant,
1642 4708 1727 4760 quam
1749 4689 1804 4745 sibi
1822 4708 1878 4748 non
1896 4690 1957 4748 iam
1974 4709 2008 4748 ex

523 4772 540 4828 3
557 4772 696 4829 codicillis
713 4773 824 4839 nostris,
843 4775 892 4829 sed
909 4792 943 4831 ex
960 4775 1111 4848 privilegio
1130 4778 1206 4833 latae
1225 4777 1297 4849 legis
1316 4778 1473 4834 adsumant.
1571 4779 1624 4834 Per
1642 4776 1765 4846 quinque
1783 4782 1879 4834 autem
1898 4797 2008 4837 meuses

557 4858 657 4930 quinas
675 4859 704 4915 in
722 4860 844 4916 obsoniis
861 4859 949 4916 libras
967 4861 1058 4918 carnis
1076 4881 1216 4933 possessor
1228 4862 1361 4933 accipiat,
1372 4881 1406 4920 ne
1419 4881 1470 4933 per
1481 4863 1615 4919 minutias
1627 4863 1721 4936 exigui
1739 4863 1870 4933 ponderis
1882 4865 2007 4937 amplius
2034 4897 2058 4937 ω

556 4946 633 5002 fraus
650 4947 763 5003 occulta
780 4948 921 5017 decerpat.
957 4949 1128 5005 Possessores
1150 4966 1268 5018 quoque,
1292 4948 1341 5018 qui
1362 4967 1413 5020 pro
1435 4948 1525 5005 larido
1547 4949 1676 5005 millenos
1699 4949 1827 5005 denarios
1846 4948 1875 5005 in
1901 4951 2008 5009 vicenis

522 5032 541 5087 4
558 5031 638 5087 libris
656 5033 786 5089 solebant
802 5033 933 5098 conferre,
952 5034 1052 5089 suariis
1070 5034 1100 5089 in
1118 5034 1210 5105 pretio
1228 5035 1381 5091 exsolvant.
1453 5034 1635 5090 Primiscrinii
1647 5052 1757 5105 quoque
1776 5039 1836 5091 tam
1854 5036 2008 5108 inl(ustris)

557 5116 682 5173 urbanae
705 5117 779 5171 sedis
803 5136 889 5186 quam
913 5120 1079 5190 spectabilis
1104 5120 1227 5177 vicariae
1250 5121 1414 5191 potestatis,
1436 5120 1491 5176 nisi
1515 5138 1587 5177 anno
1605 5120 1726 5178 militiae
1744 5122 1823 5178 finali
1841 5123 2008 5193 institerint,

557 5290 913 5361 euiw1uiraloinatm
976 5293 1128 5363 dexterea]
1146 5299 1259 5364 sortem
1349 5296 1382 5350 10
1399 5295 1519 5365 accipiat]
1531 5299 1661 5367 appendat
1673 5297 1849 5361 Gottofrcdac
1903 5298 1935 5352 ll
1955 5293 2009 5369 quil

558 5362 659 5415 alterna
716 5362 760 5430 415
773 5371 803 5416 ut
815 5367 855 5417 his
867 5382 970 5433 quoque
982 5383 1042 5417 suus
1054 5367 1190 5418 iubeamus
1202 5383 1258 5434 per·
1311 5383 1435 5433 rcaquoa
1470 5365 1613 5420 dinaricsl'
1661 5366 1694 5419 1‘2
1705 5366 1838 5433 praetioV
1881 5370 1915 5424 13
1927 5370 2010 5441 finali]

557 5448 634 5485 sonas
647 5434 761 5485 rescissis
775 5434 836 5496 (dcl.
849 5436 920 5486 reddi
932 5444 955 5487 et
966 5436 1042 5500 quas)
1057 5452 1106 5487 scr.
1153 5434 1257 5501 8ωῶ]
1311 5436 1388 5499 Beck,
1405 5436 1530 5489 finalisV
1596 5434 1745 5505 institerint]
1765 5436 1955 5508 Gottofredm,
1971 5444 2010 5496 in-

560 5499 690 5570 meam,
709 5504 772 5555 certi
787 5502 813 5553 V
860 5505 983 5557 comitiua
999 5502 1025 5554 V
1100 5503 1263 5556 9mcnesV
1310 5507 1404 5558 stiterit
1418 5505 1444 5556 V
