4800 6400
1241 690 1304 754 356
1322 700 1323 704 ’
1448 693 1496 745 Dii
1512 693 1613 747 riuus
1630 692 1843 749 nauem
1861 693 2117 752 apparitorem

419 1111 446 1163 q.
459 1094 494 1148 42
511 1093 560 1150 re
742 1083 873 1186 lxxfl,
908 1089 970 1165 DE
996 1089 1132 1166 FILHS
1157 1089 1447 1167 MILITARIVM
1471 1093 1826 1174 APPARITORVM

1026 1212 1088 1286 ur
1114 1211 1305 1286 varum
1312 1212 1546 1306 [nourrii

974 1345 1040 1398 loe
1053 1343 1095 1413 12,
1107 1343 1142 1399 47
1159 1347 1191 1400 de
1209 1348 1270 1400 liliis
1287 1348 1438 1401 officialium
1455 1349 1604 1403 minanam
1621 1353 1667 1419 qni
1684 1353 1712 1405 in
1729 1353 1798 1406 bello
1815 1355 1968 1408 moriuntur.

405 1416 467 1484 vll,
479 1418 522 1486 22,
538 1417 551 1472 1
566 1409 627 1478 (319
645 1409 724 1468 Febr.
738 1411 790 1481 lo).

644 1532 702 1571 ma
719 1530 922 1570 sororumve
947 1533 974 1572 Α.
997 1534 1037 1571 an
1058 1534 1244 1574 corruam.
1285 1518 1486 1579 Veteranorum
1510 1519 1613 1578 liberos
1636 1526 1719 1595 aptos
1735 1523 1865 1590 militiae,
1883 1541 2003 1594 quorum

559 1600 674 1671 quidam
696 1604 730 1657 ut
751 1601 861 1659 desides
883 1605 1014 1660 mcusant
1037 1602 1206 1660 militarium
1225 1623 1370 1662 munerum
1386 1609 1573 1675 functionem,
1590 1609 1707 1679 quidam
1723 1610 1793 1666 adeo
1812 1610 1910 1683 ignavi
1929 1615 2004 1677 sunt,

560 1694 593 1746 nt
611 1707 674 1744 cnm
695 1689 842 1760 dispendio
859 1688 983 1760 corporis
999 1689 1120 1747 militiae
1138 1691 1228 1748 velint
1244 1693 1443 1751 necessitatem
1459 1696 1589 1761 evadere,
1613 1695 1759 1762 iubemus*
1772 1696 1797 1751 si
1815 1698 1853 1754 ad
1869 1697 2004 1754 militiam

560 1775 677 1831 inutiles
700 1775 814 1832 resectis
842 1775 941 1848 digitis
965 1776 1135 1844 iudicentur,
1161 1777 1315 1835 curialibus
1336 1779 1395 1838 sine
1417 1781 1515 1852 aliqua
1532 1781 1721 1855 ambiguitate
1738 1783 1900 1840 muneribus
1917 1788 2003 1854 atque

560 1861 702 1932 obsequiis
714 1861 870 1934 adgregari.
916 1880 978 1917 orn.
996 1881 1061 1918 xrm
1077 1872 1525 1939 m.rrrnr.s1arrro,aoo(nr>ra)
1545 1887 1586 1924 vn
1609 1887 1646 1924 m.
1665 1887 1755 1926 nana
1772 1886 1852 1925 uroro
1869 1886 2002 1925 oorsnrr·
2043 1890 2056 1929 o

558 1967 622 2004 nmo
640 1968 667 2004 ι.
686 1967 704 2006 v
723 1966 755 2003 rr
772 1966 873 2004 mornro
891 1967 913 2004 o.
931 1967 1020 2005 conss.

645 2162 671 2214 Ii

559 2282 574 2336 l
592 2283 765 2350 octauianurn]
785 2283 968 2355 Gothosredar,
986 2284 1152 2353 optauiauum
1162 2283 1200 2338 B:
1218 2295 1384 2340 correctorem
1402 2287 1537 2342 Lucaniae
1554 2297 1578 2341 et
1595 2286 1749 2340 Brittiorum

404 2563 466 2632 vn,
478 2563 521 2632 22,
534 2565 551 2620 2
564 2560 626 2630 (326
644 2559 696 2616 Iul.
708 2557 831 2631 [Marti]
849 2557 900 2627 30).

644 2681 712 2720 marr
729 2681 756 2719 a
776 2681 815 2719 an
830 2679 964 2718 maara.
999 2661 1202 2719 Veteranorum
1217 2660 1289 2718 lilios
1307 2665 1423 2735 propter
1434 2662 1586 2736 privilegia
1597 2664 1762 2735 parentibus
1780 2682 1875 2722 eornm
1891 2664 2004 2723 indulta

562 2768 663 2807 vacare
681 2768 735 2806 non
753 2749 885 2821 patimur,
903 2750 952 2806 sed
969 2752 1176 2821 programmate
1194 2767 1245 2820 per
1266 2767 1360 2806 omnes
1382 2749 1514 2806 civitates
1531 2750 1676 2823 proposito
1694 2751 1845 2824 diligenter
1862 2752 2005 2822 quaesitos

560 2839 597 2894 ad
614 2838 782 2893 alterutrum
800 2833 923 2907 conpelli
940 2834 1075 2900 iubemus,
1093 2837 1127 2890 ιιι
1144 2839 1194 2891 aut
1212 2835 1408 2892 decurionatus
1425 2836 1586 2919 muneribus
1602 2836 1797 2908 obtemperent
1809 2843 1860 2894 ant
1868 2839 2003 2904 militent,

559 2926 741 2981 observaturo
764 2921 920 2979 devotionis
944 2925 1010 2978 tuae
1033 2921 1134 2987 officio,
1157 2925 1190 2977 ut
1213 2921 1262 2991 qui
1287 2921 1442 2993 probantur
1464 2923 1500 2978 ab
1519 2922 1599 2978 annis
1618 2922 1721 2995 viginti
1739 2942 1826 2994 usqne
1844 2926 1881 2981 ad
1899 2925 2004 2998 viginti

528 3022 541 3076 1
561 3014 591 3068 et
608 3010 731 3080 quinque
749 3027 837 3066 annos
855 3011 977 3066 aetatem
996 3011 1092 3080 agant
1178 3007 1208 3063 Si
1227 3011 1323 3065 antem
1342 3013 1535 3066 veteranorum
1552 3008 1612 3074 filii,
1630 3009 1680 3079 qui
1697 3014 1853 3080 equestrem
1869 3011 2005 3070 militiam
2043 3022 2056 3061 ⁵

559 3098 757 3161 toleraverunt,
784 3095 858 3152 inter
885 3095 994 3165 equites
1011 3094 1125 3166 probari
1153 3095 1300 3161 voluerint,
1326 3096 1453 3153 habeant
1478 3096 1658 3159 facmmtem.
1680 3097 1723 3153 ita
1746 3102 1779 3154 nt
1804 3116 1867 3153 cum
1884 3097 2004 3172 singolis

525 3184 639 3255 2equis
662 3182 769 3241 idoneis
792 3181 938 3256 praedicto
960 3183 1148 3255 adgregentur
1171 3182 1312 3254 obsequio.
1407 3183 1486 3248 Quod
1509 3181 1534 3238 si
1556 3182 1620 3253 quis
1641 3182 1710 3242 duos
1732 3203 1817 3255 equos
1834 3185 1940 3243 habeat
1958 3186 2003 3245 vel

556 3290 643 3328 unum
665 3271 796 3327 idoneum
817 3274 847 3327 et
869 3288 978 3326 servum
1002 3288 1095 3334 unum,
1122 3287 1185 3324 cum
1209 3269 1351 3326 circitoria
1374 3269 1480 3326 militet
1502 3269 1643 3343 dignitate
1661 3274 1691 3326 et
1708 3270 1791 3327 binas
1816 3289 1940 3329 annonas
1958 3291 2003 3330 ac·

524 3364 541 3419 3
559 3358 658 3431 cipiat,
677 3356 727 3428 qui
744 3358 847 3431 gradus
864 3356 1016 3429 praebetur
1034 3355 1098 3412 aliis
1115 3361 1181 3428 post
1198 3357 1331 3414 laborem.
1419 3356 1598 3430 Singulorum
1615 3362 1711 3414 autem
1728 3357 1879 3414 civitatum
1897 3360 2003 3416 decuri-

564 3445 664 3502 onibus
682 3444 836 3510 intimetur,
854 3446 887 3499 ut
905 3445 1099 3500 veteranorum
1115 3441 1196 3508 filios,
1214 3441 1264 3512 qui
1281 3440 1444 3514 praedictae
1462 3442 1567 3499 aetatis
1588 3445 1661 3509 sunt,
1679 3441 1704 3498 si
1722 3442 1845 3501 militare
1862 3444 2005 3501 noluerint
2030 3454 2057 3494 ¹⁰

556 3534 602 3592 vel
618 3532 711 3589 minus
728 3530 906 3588 inveniantur
922 3528 1023 3595 idonei,
1041 3530 1078 3586 ad
1095 3528 1215 3585 curialia
1233 3547 1331 3587 vocare
1349 3547 1404 3586 uon
1421 3532 1563 3587 morentur
1585 3528 1728 3599 obsequia,
1751 3529 1775 3584 si
1793 3533 1888 3586 tamen
1906 3530 1995 3601 patri·

404 3618 657 3699 q‚42f‚8⁴4moniis
672 3622 677 3689 Ι
691 3617 785 3675 idonei
802 3635 862 3675 esse
880 3620 1039 3673 noscuntur.
1108 3614 1149 3671 Ex
1166 3614 1212 3671 his
1229 3617 1332 3683 antem,
1350 3615 1400 3686 qui
1417 3615 1541 3673 militare
1560 3616 1708 3682 voluerint,
1726 3615 1750 3672 si
1763 3614 1811 3687 qui
1824 3615 1916 3672 minus
1937 3617 2001 3689 apti

557 3709 623 3763 sunt
649 3703 772 3777 equestri
798 3702 918 3760 militiae
945 3701 974 3757 id
1000 3702 1138 3759 efficiente
1165 3701 1329 3759 calamitate
1356 3703 1541 3760 membrorum
1565 3708 1594 3759 et
1613 3701 1785 3775 legionariae
1809 3702 1924 3775 congrui
1942 3721 2001 3759 esse

556 3799 715 3859 noscuntur,
734 3790 889 3849 deducendi
906 3791 943 3845 ad
959 3807 1010 3845 nos
1027 3789 1181 3861 protectori
1199 3789 1249 3860 qui
1268 3790 1303 3845 ob
1322 3789 1375 3845 hoc
1393 3789 1493 3845 missus
1510 3794 1554 3846 est
1572 3789 1776 3863 consignentur.
1813 3807 1874 3845 arr.
1888 3807 1920 3844 m
1933 3808 1997 3847 nra

561 3900 624 3937 rra.
644 3897 774 3945 novumn
791 3893 976 3933 oonsrrnrnno
994 3895 1021 3932 r.
1039 3894 1081 3931 vn
1097 3894 1130 3931 rr
1146 3894 1313 3933 oonsrrnrro
1330 3894 1403 3933 oras.
1421 3893 1509 3933 conss
2031 3890 2057 3929 rs

643 4090 669 4141 B

559 4212 575 4264 1
594 4206 728 4277 Severum]
747 4208 842 4261 scilicet
854 4209 1018 4275 praesectam
1035 4205 1095 4258 arti
1161 4204 1255 4275 ipro·
1305 4224 1363 4259 com
1381 4207 1504 4259 lateraria
1523 4206 1651 4263 concord:
1668 4206 1713 4258 sed
1730 4222 1787 4257 cum
1807 4204 2004 4257 Constantinam

560 4290 719 4349 grammatos
731 4279 756 4330 R
827 4276 859 4328 13
877 4278 903 4328 id
919 4274 1056 4340 effluente]
1071 4276 1256 4344 Gottcfrcdac,
1305 4285 1401 4329 comm
1417 4294 1501 4329 meare
1520 4277 1590 4328 Iulio
1602 4276 1700 4327 Romae
1716 4276 1808 4344 sobre,
1824 4284 1892 4327 recte
1909 4276 2004 4341 opinor

559 4352 693 4403 deficiente
703 4349 728 4400 R
785 4348 893 4414 congrui
910 4344 975 4413 esse]
996 4346 1179 4413 Gordomaris,
1196 4364 1256 4398 con·
1308 4347 1483 4414 Gotdofredns
1490 4364 1542 4414 pro
1555 4346 1625 4397 Iulio
1638 4362 1722 4397 meme
1738 4344 2004 4396 acroceraunium

558 4422 660 4488 gruisae
674 4418 700 4469 R
787 4417 819 4470 lb
837 4417 946 4468 Severus
963 4432 1019 4467 curn
1036 4416 1096 4466 soti
1108 4417 1257 4483 praefuerit
1307 4417 1461 4482 emungens
1470 4417 1537 4469 iocre
1545 4416 1752 4481 ademptionem
1761 4431 1819 4465 com
1828 4416 1913 4466 altero
1922 4418 1974 4480 9,8‚
1983 4421 2004 4465 1.

557 4495 607 4544 326
627 4489 716 4542 Iarad
740 4515 774 4524 -
795 4490 845 4539 326
862 4486 926 4537 Noa
939 4489 984 4549 12,
1007 4484 1061 4537 dies
1085 4486 1137 4536 326
1154 4485 1208 4538 Iol.
1221 4489 1257 4538 30

403 4779 543 4848 vrinae
562 4767 621 4837 (331
641 4766 712 4837 Aue·
724 4766 759 4834 4)·

642 4887 709 4926 marr
727 4888 754 4924 r.
773 4885 811 4923 ru
828 4884 977 4923 auruum.
1013 4865 1051 4932 Ii,
1069 4865 1118 4936 qui
1139 4884 1174 4922 ex
1191 4865 1359 4922 officialibus
1383 4883 1619 4936 quorumcumque
1644 4864 1797 4920 officiorum
1816 4863 1906 4935 geniti
1926 4868 2001 4929 sunt,

559 4957 618 5015 sive
636 4956 785 5013 eorundem
803 4957 933 5025 parentes
953 4952 1045 5008 adhue
1067 4956 1242 5009 sacramento
1261 4955 1391 5009 tenentur
1411 4952 1470 5008 sive
1488 4953 1545 5008 iarn
1563 4950 1670 5006 dimissi
1688 4954 1781 5013 erunt,
1804 4950 1833 5005 in
1851 4955 2002 5032 pare—ntum

559 5046 666 5099 'locum
687 5042 865 5114 procedant⁴.
901 5057 963 5096 orn.
987 5058 1059 5095 raro.
1082 5056 1146 5094 non.
1169 5056 1232 5094 nvo.
1254 5056 1337 5094 namo
1361 5056 1393 5093 ιιι
1416 5057 1536 5095 namuro
1584 5022 1742 5126 {militiam
1760 5039 1987 5093 vocentur⁴1vsn

558 5147 655 5186 consa.

645 5306 676 5358 r.
697 5332 730 5341 -
748 5306 833 5357 rvsr.
847 5303 943 5370 1247„
957 5305 980 5356 1.

559 5424 742 5495 lEnagrium]
762 5426 855 5477 scilicet
871 5425 980 5495 ῷά]
994 5432 1032 5492 12,
1046 5434 1068 5492 1,
1084 5429 1129 5493 20)
1180 5425 1251 5476 hiiB
1274 5425 1279 5547 ἱ
1302 5421 1407 5492 3ιιοιι.]
1426 5421 1599 5486 id.12,1‚20

628 5492 858 5565 quorumcumque]
878 5497 954 5561 Iuor,
978 5514 1140 5565 quorumque
1157 5495 1182 5546 R
