4800 6400
561 725 612 794 XI
635 731 655 795 8
678 731 763 796 3-9
785 732 806 795 2
1254 729 1317 792 592
1470 727 1518 779 DF
1536 727 1793 784 Dlfl‘fflfflffllss
1810 726 2021 783 matteum

562 901 621 966 bus,
635 905 763 956 curatore
776 903 806 956 et
817 898 1045 970 magistratibus*
1064 899 1218 972 denegetur
1229 903 1240 969 ΙΙ
1251 900 1337 971 idque
1401 901 1413 967 ΙΙ
1418 902 1482 969 finit

562 986 657 1059 gratia
674 986 817 1043 tribuatur
838 1003 946 1051 eorum,
969 1002 1038 1055 quos
1062 984 1272 1044 rationabiliter
1297 987 1337 1042 in-

561 1072 724 1144 tellexerint
746 1072 909 1144 arguendos.
951 1071 1085 1136 Quodne
1109 1072 1230 1139 accidat,
1255 1091 1338 1129 nove

561 1158 619 1215 rint
641 1157 736 1215 cuncti
758 1157 959 1230 provinciales,
982 1155 1111 1226 quotiem
1136 1158 1258 1228 petitam
1280 1159 1336 1214 sibi

561 1250 688 1301 actorum
707 1243 818 1315 copiam
835 1261 853 1298 a
871 1243 1030 1299 memoratis
1049 1242 1171 1300 viderint
1193 1243 1335 1317 denegari,
2052 1258 2063 1297 a

559 1332 570 1402 ΙΙ
585 1331 754 1402 [querellae
778 1328 908 1402 propriae
930 1328 1059 1385 libellum
1083 1329 1271 1386 conscribtum
1302 1347 1335 1385 eo
1400 1331 1491 1398 llreds'r
1531 1333 1537 1400 Ι
1576 1331 1708 1402 sumnus
1725 1335 1764 1387 eis
1780 1335 1914 1387 tnbmrur

560 1422 656 1474 tenore
679 1435 735 1488 quo
756 1417 848 1473 fuerat
865 1417 1078 1472 contestandum
1097 1417 1126 1472 in
1143 1417 1337 1486 frequentiori·

560 1504 612 1560 bus
637 1502 787 1560 civitatum
810 1501 880 1560 locis
907 1503 1100 1574 *adigendum
1123 1502 1338 1559 conveniendos·
1409 1505 1584 1576 *proponendi
1602 1506 1839 1575 convertendique*

560 1590 629 1660 que*
648 1588 754 1645 scribas
770 1588 928 1645 tabularios
950 1591 980 1644 et
997 1593 1092 1646 cetera
1109 1589 1203 1646 officia
1221 1588 1337 1660 publica

560 1676 771 1741 commonenda,
794 1693 845 1747 per
867 1692 940 1745 quae
963 1674 1092 1730 libellum
1110 1676 1209 1748 colligi
1228 1680 1337 1747 oporte·

560 1762 604 1819 bit
622 1766 707 1832 atque
726 1761 824 1817 invitis
848 1779 933 1832 supra
954 1761 1115 1818 memoratis
1140 1761 1267 1833 personis
1285 1763 1337 1818 sub

559 1854 686 1905 actorum
704 1848 878 1905 coniectione
892 1847 1022 1920 *ingeri⁴‚
1042 1865 1159 1917 quorum
1171 1846 1337 1918 quaestione
1409 1849 1572 1918 *ingerendi*

559 1936 627 1993 tides
649 1934 738 2006 possit
761 1933 879 2004 inquiri:
907 1951 963 2004 qua
989 1934 1110 2005 probata
1133 1933 1163 1988 in
1184 1951 1244 2001 eos,
1267 1952 1336 2004 quos

558 2027 700 2094 gestorum
721 2020 842 2092 petitam
864 2018 1066 2076 confectionem
1088 2037 1204 2090 negasse
1232 2019 1399 2087 constiterit,
1420 2021 1500 2091 vigor
1520 2020 1687 2078 iudiciarius
1713 2027 1850 2078 exeratur.
1887 2039 1951 2078 nir.
1969 2039 2010 2077 ιιι

558 2126 621 2164 rna.
640 2127 698 2164 rra.
716 2109 886 2177 menania)
903 2110 1047 2176 nonoa(1o)
1067 2124 1118 2161 rur
1135 2124 1167 2161 rrr
1185 2109 1357 2178 rnaoo(osro)
1376 2125 1406 2162 m
1426 2127 1473 2162 an.
1492 2125 1580 2164 consa.
2037 2120 2060 2160 n

650 2286 702 2337 VT
713 2283 785 2355 [finit
802 2283 861 2349 592,
875 2282 919 2352 213
936 2284 1097 2337 intellexerin
1110 2321 1117 2336 .
1131 2323 1137 2337 .
1150 2282 1182 2354 J.
1201 2312 1234 2322 -
1251 2285 1337 2338 lVS'l'.
1352 2284 1375 2351 l,
1387 2283 1429 2349 55,
1442 2283 1467 2336 9.
1487 2311 1518 2322 -
1537 2285 1780 2338 rflnonamcvs
1798 2283 1857 2338 149.

557 2388 575 2442 2
596 2390 695 2459 gratiae
715 2389 890 2460 Gothosrcdns
993 2387 1145 2442 dacoidant
1163 2387 1190 2439 V
1278 2395 1282 2514 ὁ
1308 2386 1341 2441 14
1359 2390 1500 2442 iudicaritis
1513 2388 1539 2440 V
1603 2387 1649 2457 xii]
1670 2391 1697 2442 xi
1715 2388 1782 2443 lust.
1798 2388 1889 2455 (Hal.)

557 2458 575 2511 6
591 2459 738 2527 quaerellae
753 2458 780 2510 V
855 2458 889 2512 13
905 2455 969 2526 qua]
988 2458 1062 2525 luet,
1080 2475 1147 2526 quse
1163 2456 1188 2509 V

571 2810 682 2887 VIIII.
716 2810 776 2884 DE
804 2807 1156 2885 DISTRAHENDIS
1183 2807 1487 2900 PIGNORIBVS,
1515 2809 1645 2901 QVAE
1671 2809 1997 2887 TRIBVTORVM

1054 2929 1212 3005 CAVSA
1238 2928 1510 3006 TENENTVR.

762 3066 827 3119 luet
842 3065 881 3134 10,
894 3065 940 3120 21:
959 3069 991 3121 do
1008 3067 1140 3136 capiendis
1157 3073 1184 3118 ot
1200 3065 1370 3119 distrahendis
1388 3066 1539 3134 pignoribus
1556 3067 1712 3121 tributorum
1729 3083 1820 3120 causa.

425 3161 473 3230 xl,
485 3162 537 3230 al
558 3167 623 3241 (328
640 3167 705 3225 Dec.
718 3167 771 3237 31).

642 3289 698 3328 rur.
715 3288 918 3326 consummes
936 3290 962 3325 i.
999 3271 1137 3335 Quoniam
1158 3272 1309 3329 decessoris
1334 3272 1377 3328 tui
1390 3272 1503 3329 litterae
1526 3271 1627 3328 missae
1640 3272 1677 3328 ad
1691 3272 1908 3329 Proculeianum
1920 3273 2010 3329 tribu-

555 3378 622 3415 num
640 3362 670 3415 et
687 3358 874 3431 magtisltrum
892 3358 1046 3414 officiomm
1064 3359 1209 3415 continent
1227 3360 1399 3429 quomndem
1413 3358 1631 3430 provincialium
1648 3359 1793 3429 mancipia
1809 3359 1936 3415 abducta
1954 3376 2006 3431 pro

556 3445 673 3517 pignore
691 3447 742 3501 sub
760 3445 853 3501 officio
868 3444 991 3513 retineri,
1009 3463 1042 3502 eo
1060 3447 1134 3516 quod
1153 3451 1244 3503 vestes
1262 3446 1411 3503 canonicas
1430 3448 1474 3503 vel
1495 3463 1580 3517 equos
1597 3445 1713 3503 minime
1731 3445 1898 3512 intulerunt,
1916 3450 2003 3516 atquo

556 3534 627 3590 haee
649 3531 794 3603 mancipia
817 3549 906 3602 nequo
928 3531 1054 3588 dominos
1077 3532 1179 3589 solutis
1200 3533 1306 3589 debitis
1328 3532 1467 3603 recepisse
1489 3550 1579 3604 neque
1597 3532 1670 3589 alios
1688 3548 1879 3603 comparasse,
1900 3530 2004 3588 veritos

556 3636 591 3674 ne
613 3618 684 3674 haec
707 3617 910 3674 rescinderetur
933 3618 1093 3675 distractio:
1116 3619 1245 3676 iubemus
1268 3619 1385 3675 duorum
1407 3637 1531 3676 mensum
1554 3620 1679 3690 spatium
1704 3619 1741 3675 ad
1758 3618 1893 3674 solvenda
1910 3618 2010 3674 debita
2045 3631 2056 3670 s

551 3705 754 3777 mancipiorum
772 3705 892 3761 dominis
910 3705 1058 3776 indulgeri,
1078 3723 1134 3776 quo
1152 3710 1297 3762 transacto
1316 3706 1370 3760 nisi
1391 3706 1487 3762 debita
1505 3705 1610 3761 fuerint
1629 3705 1780 3776 persoluta,
1798 3704 1917 3759 tirmiter
1934 3721 2009 3759 mau-

554 3791 632 3863 eipia
658 3793 861 3863 comparabunt
887 3791 1055 3861 quicumque
1082 3794 1118 3846 ud
1145 3792 1315 3863 emptionem
1342 3792 1518 3848 accesserint.
1555 3793 1746 3862 1²(no)e(os1rs)
1776 3808 1848 3845 eam.
1867 3808 1932 3845 nu.
1951 3807 2009 3846 mn.

553 3896 708 3935 elucemus
725 3896 827 3934 savaro
846 3896 878 3932 nr
895 3896 996 3933 nermo
1014 3895 1103 3933 eones.

564 3989 782 3997 --———--—

652 4056 676 4105 V

557 4158 568 4210 l
589 4156 793 4227 proculeianum]
810 4158 856 4222 V‘,
874 4159 1050 4225 proculianum
1069 4157 1103 4206 Γ*
1174 4156 1336 4210 6tra11sacto
1355 4156 1413 4221 nisi]
1435 4157 1562 4221 Guiaciur,
1580 4158 1760 4210 transactionis
1777 4156 1801 4208 V

924 4266 1417 4272 —-——-—..-.—...-—-—--
1797 4266 1971 4273 ,ᾖ

424 4329 471 4395 xl,
484 4329 539 4390 9.2
559 4327 621 4395 (3²37
640 4328 705 4382 Dec.
721 4328 769 4396 12).

1908 4442 2007 4451 -.ᾑ-

641 4448 696 4485 mr.
713 4449 896 4486 eonsrnnrrvs
923 4452 948 4487 i.
977 4451 1014 4486 nn
1041 4450 1177 4488 nonarrvu
1205 4450 1359 4488 rnrsnmvu
1387 4450 1538 4488 raimonis
1766 4470 1833 4507 Im

555 4535 695 4573 amicae
737 4517 764 4573 Si
794 4518 856 4588 quis
881 4520 996 4574 fundum
1024 4521 1067 4574 vel
1095 4519 1238 4590 mancipia
1264 4520 1276 4591 s
1300 4520 1335 4574 ob
1355 4519 1538 4575 cessationem
1606 4521 1743 4591 saltamus
1762 4543 1815 4577 rom

554 4603 722 4659 tributorum
746 4605 790 4661 vel
813 4605 899 4660 etium
923 4607 959 4662 ob
982 4606 1101 4661 vestium
1124 4607 1185 4661 auri
1208 4606 1375 4677 argentique
1398 4605 1537 4671 debitum,

553 4708 625 4759 quae
651 4708 744 4746 annua
770 4691 917 4747 exactione.
947 4693 1104 4756 solvuntur,
1128 4698 1267 4763 occupata
1294 4697 1431 4748 convento
1462 4692 1538 4747 debi-

552 4782 660 4834 tornet
682 4783 754 4848 aput
772 4777 894 4833 iudicem
911 4777 1141 4849 interpellatione
1166 4779 1322 4843 celebrata,
1347 4798 1408 4833 cum
1433 4779 1537 4834 solutio

552 4863 716 4929 coenaverit,
746 4864 798 4920 sub
828 4865 911 4920 hasta
944 4864 1081 4920 distracto
1112 4865 1332 4935 comparaverit,
1372 4871 1537 4935 perpetuam

551 4951 703 5022 emptionis
715 4950 841 5021 nceipiul-
860 4949 1029 5008 fimritntem.
1044 4954 1130 5015 'eum
1143 4951 1182 5005 ai*
1197 4952 1312 5005 minoris
1330 4951 1401 5006 forte
1421 4968 1538 5020 perrona
1609 4955 1662 5006 *siu
1681 4955 1781 5007 numm*

553 5038 634 5092 inierit
662 5038 774 5100 inserte,
799 5055 910 5092 neeeaee
933 5037 967 5091 sit
991 5036 1180 5106 *qnempiam*
1200 5036 1346 5106 legitimae
1369 5036 1537 5091 defensionis
1609 5041 1618 5061 '
1644 5039 1724 5092 *orm

555 5124 723 5195 'indiguisse
746 5126 877 5194 pomnen*
903 5125 913 5189 ΙΙ
937 5123 1100 5192 pmmertim
1120 5142 1181 5177 enm
1205 5123 1241 5176 nel
1264 5122 1332 5176 iuris
1354 5122 1440 5177 elium
1460 5140 1537 5191 prue·
1609 5124 1711 5178 *admon
1734 5129 1875 5180 venditioni
1899 5147 1955 5197 per

553 5209 639 5264 sentis
658 5216 685 5264 et
706 5209 808 5264 veteris
826 5209 999 5278 nequitatem
1019 5209 1089 5263 illud
1113 5226 1223 5278 qnoque
1251 5207 1450 5278 indulgendum
1478 5226 1537 5263 ease
1585 5195 1588 5260 i
1692 5197 1797 5249 ⁸⁰¹¹⁸¹¹¹⁴
1844 5200 1849 5262 Ι
1902 5201 1973 5269 iifissr
2036 5230 2060 5269 ιο

555 5385 753 5452 lemrratnntius}
769 5388 795 5442 Γ,
809 5387 1057 5439 ierrnsmnrinmlnsr.
1114 5385 1249 5436 ‘lbetieae
1274 5386 1278 5468 Ι
1304 5387 1450 5436 interfuisse
1471 5403 1606 5452 {terminant
1628 5386 1708 5449 Beck,
1732 5388 1846 5438 induisse
1867 5405 2006 5454 peraomrn

562 5455 584 5505 l'
670 5454 826 5521 Serretinm}
845 5460 922 5508 atium
943 5456 984 5506 Γ·
1073 5456 1090 5505 n
1108 5456 1249 5520 indigeriem
1302 5472 1345 5519 epo

553 5522 672 5595 pemeria]
703 5527 870 5578 interuenisse
901 5543 1035 5592 perronam
1064 5525 1248 5590 (lottotrerluq
1273 5491 1277 5586 i
