4800 6400
517 717 601 783 IIIII
623 723 643 785 t
666 724 749 785 4-7
1209 724 1271 787 758
1406 722 1454 773 ue
1469 722 1629 775 manus
1646 720 1963 775 uavrcvnaaroavrr

364 888 731 963 HMMwmm

601 1014 668 1052 mu
689 1015 736 1052 ns.
759 1015 797 1053 nn
818 1014 992 1053 nnrmrrrvrr
1014 1000 1170 1065 vrc(rn1v1)
1192 999 1339 1063 armeus).
1375 1012 1440 1051 ross
1465 1014 1545 1052 une:
1578 996 1786 1055 Naviculsriae
1810 998 1964 1057 fumare

516 1084 689 1141 naviculario
707 1084 815 1155 corpori
833 1085 990 1151 reddantur,
1008 1085 1032 1139 si
1050 1087 1124 1141 bona
1141 1083 1195 1140 rite
1214 1085 1365 1140 retinentes
1382 1082 1475 1140 subire
1492 1101 1587 1140 eorum
1604 1102 1692 1142 onera
1708 1085 1820 1152 nolint,
1845 1104 1962 1157 quorum

516 1170 687 1241 possessione
708 1171 842 1228 fruuntur.
885 1171 1013 1228 Ceterum
1036 1171 1059 1226 si
1085 1174 1185 1242 sponte
1209 1171 1380 1241 cognoscunt
1405 1168 1609 1226 naviculariam
1632 1171 1813 1230 functionem
1835 1172 1897 1229 sine
1919 1191 1962 1229 ex·

516 1256 645 1327 ceptione
663 1256 779 1327 potioris
798 1258 842 1314 vel
861 1257 1072 1327 cuiuscumque,
1091 1258 1165 1313 bona
1189 1258 1226 1313 ad
1250 1275 1279 1313 se
1303 1256 1467 1312 transmissa
1488 1255 1549 1314 sine
1570 1256 1769 1328 inquietudine
1789 1259 1962 1330 possideant

516 1361 650 1415 cumpro
674 1347 738 1400 rata
758 1362 792 1400 ex
813 1347 894 1415 parte
921 1344 1025 1402 debitis
1046 1346 1200 1418 fungantur
1223 1344 1331 1402 officiis.
1366 1362 1399 1401 rr
1415 1362 1525 1401 emas„
1561 1362 1623 1400 usn.
1646 1363 1691 1400 nu
1716 1362 1783 1403 m.
1802 1363 1865 1403 ω,

516 1448 642 1486 uvrrorrvo
658 1449 691 1486 rr
708 1449 802 1486 rovmo
819 1448 907 1487 oorvss.

609 1574 631 1624 V

517 1694 531 1747 l
551 1694 709 1764 uic(arinm)]
727 1700 761 1748 irc
779 1695 801 1746 V
867 1696 885 1749 2
903 1698 1041 1750 retinentes
1059 1698 1107 1748 rite
1124 1713 1173 1749 scr.
1264 1696 1368 1749 Seeclio
1386 1704 1432 1748 out
1448 1696 1498 1748 del.

516 1764 534 1819 3
551 1774 695 1833 agnoscunt
711 1783 761 1819 scr.
824 1764 842 1819 5
859 1764 903 1835 ex]
921 1776 966 1818 aret
984 1785 1033 1819 scr.
1045 1784 1134 1818 eorum
1152 1784 1210 1818 nem

363 1933 739 2007 fflmwfflmm

599 2059 665 2097 marr
687 2060 733 2097 aa.
756 2059 794 2097 nn
812 2059 992 2098 avsmsnvrr
1018 2044 1234 2111 mmmmm)
1254 2042 1417 2111 arumnis).
1454 2040 1637 2111 Temporibus
1660 2041 1918 2111 praescribtionem
1937 2043 1966 2099 in

516 2125 705 2184 vindicatione
723 2147 813 2185 rerum
837 2130 874 2185 ad
895 2129 1083 2185 navicularios
1108 2129 1309 2201 pertinentium
1336 2132 1487 2201 cognoseat
1504 2132 1555 2183 tua
1571 2127 1699 2200 gravitas

404 2294 406 2299 Ι
514 2232 574 2272 csse
590 2213 734 2270 succisam.
747 2217 758 2282 11
770 2215 889 2271 Domum
905 2216 992 2272 etiam
1010 2215 1232 2272 mansuetudinis
1250 2220 1361 2272 noemae
1379 2215 1409 2270 in
1426 2214 1478 2279 bis,
1495 2231 1568 2284 quse
1585 2214 1698 2270 navicu·
1763 2217 1840 2301 Μ.
1859 2235 1930 2273 rssr.

513 2301 584 2357 lario
597 2301 706 2359 nomine
718 2302 839 2360 obnoxia
849 2307 922 2368 sunt,
936 2321 1086 2375 agnoscere
1100 2303 1289 2375 praecipimus
1307 2303 1432 2360 debitam
1449 2302 1628 2359 functionem
1663 2318 1726 2359 nir.
1738 2320 1773 2359 111
1791 2294 1964 2361 affui

515 2405 641 2444 armano
659 2407 691 2444 rr
709 2406 804 2445 rovmo
822 2407 909 2446 conss.

608 2567 636 2618 v,
654 2595 687 2605 -
705 2568 791 2619 1vsr.
804 2566 845 2634 11,
858 2564 883 2633 3,
897 2566 920 2619 1.

516 2686 530 2739 l
549 2690 669 2756 temporis
688 2687 862 2756 Gotbosredsu

360 2860 712 2932 mmmwmn

600 2983 693 3023 mer.
716 2965 967 3032 vermendense,
986 2979 1092 3018 vanmvs
1114 2980 1147 3018 rr
1164 2963 1342 3031 smirnam
1367 2980 1435 3018 aas.
1457 2980 1495 3017 sn
1516 2979 1713 3019 rnovmomnns
1735 2981 1831 3020 areos
1873 2963 1965 3023 Fundi

514 3073 609 3112 omnes
626 3054 662 3109 ad
680 3051 915 3109 naviculariorum
933 3049 1087 3107 dominium
1106 3049 1280 3121 pertinentes
1304 3053 1334 3105 st
1356 3049 1393 3104 ad
1411 3048 1530 3105 aliorum
1554 3048 1617 3105 iura
1634 3050 1765 3107 bonshti
1783 3052 1851 3109 fisco
1871 3054 1916 3111 vel
1934 3073 1965 3112 re

515 3140 631 3216 publica
649 3140 694 3197 vel
711 3137 885 3195 naviculario
904 3138 948 3194 vel
966 3135 1096 3209 quolibet
1114 3135 1172 3192 alio
1190 3135 1364 3191 distrahente
1386 3133 1446 3191 sive
1470 3136 1591 3192 donante
1617 3137 1661 3191 vel
1686 3136 1723 3192 ad
1741 3136 1815 3194 filios
1834 3141 1882 3197 vel
1900 3159 1963 3214 pro

515 3230 635 3302 pinquos
653 3228 698 3284 vel
716 3230 862 3284 exuaneos
885 3225 1085 3289 transferente,
1103 3223 1158 3281 etei
1176 3223 1213 3279 ad
1230 3221 1419 3279 navicularios
1438 3222 1569 3278 translati
1586 3222 1656 3289 sint„
1668 3224 1824 3282 reddantur
1841 3226 1964 3285 dominis

515 3314 626 3371 actione
643 3312 672 3367 in
690 3330 748 3368 rem
765 3316 796 3368 et
812 3310 1004 3383 perseeutione
1023 3327 1161 3374 concessa,
1180 3308 1234 3363 nisi
1252 3306 1404 3364 maluerint
1420 3307 1459 3373 bi,
1478 3309 1515 3364 ad
1532 3326 1602 3378 quos
1618 3327 1662 3366 res
1680 3311 1871 3381 pervenerint.
1890 3331 1961 3371 onus

516 3417 677 3473 agnoscere,
700 3397 746 3454 cui
767 3402 828 3454 erat
846 3397 895 3453 ille
914 3397 1056 3462 obnoxius,
1076 3397 1155 3452 cuius
1172 3396 1284 3452 nomine
1303 3394 1457 3451 vindicatio
1482 3395 1621 3466 conpetit,
1644 3396 1793 3453 evictionis
1814 3417 1850 3455 ac
1868 3400 1963 3458 melio

515 3492 594 3544 ratas
617 3485 657 3543 rei
680 3488 929 3557 perceptorumque
951 3486 1092 3541 fructuum
1114 3482 1289 3554 inspectione
1316 3480 1424 3537 habita.
1465 3499 1498 3536 rr
1514 3499 1625 3538 crum.
1659 3499 1721 3537 nar.
1748 3501 1789 3539 vn
1814 3502 1962 3543 m.s1¹nn.

516 3575 801 3644 rsev(1n1s)1onmro
818 3589 851 3626 rr
870 3588 1027 3626 umuseo
1045 3587 1133 3626 cossa

611 3748 633 3798 V

516 3850 832 3920 luslens]etualensV
880 3848 923 3915 913
942 3846 1095 3917 republica]
1111 3849 1207 3901 Gotho·
1264 3844 1444 3913 deuictionis]
1476 3847 1661 3914 (lctlcosredue,
1689 3849 1829 3900 euectiouis
1848 3850 1872 3899 V

514 3924 615 3990 fredus,
632 3924 668 3975 rei
686 3921 845 3989 publicaeV
911 3919 1004 3985 bnisi]
1022 3923 1133 3987 sortasse
1151 3920 1174 3970 ei
1262 3918 1348 3969 snio
1365 3917 1388 3967 V
1440 3917 1597 3968 arintheoV

521 4046 635 4052 ——,
654 4045 763 4051 -----—--
779 4045 887 4052 -.....-.--
903 4045 917 4051 ..
939 4043 1121 4050 ......-.-..-.-..
1142 4041 1371 4048 .......---.-.--.
1384 4038 1524 4047 ...--.--
1746 4041 1960 4051 ————..

361 4124 715 4197 Mfflssffimn

602 4247 668 4283 roas
687 4249 753 4284 nnn.
771 4247 880 4285 cursous
899 4231 1084 4296 ruodonsvm)
1104 4229 1250 4295 irardus).
1288 4228 1319 4280 ln
1337 4226 1389 4290 his,
1408 4242 1480 4295 quae
1499 4225 1667 4280 navicularii
1683 4228 1816 4292 vendunt,
1829 4230 1961 4297 quoniam

516 4318 682 4388 intercipere
702 4321 876 4373 contractum
894 4318 1003 4374 emendi
1022 4316 1213 4385 vendendique
1237 4315 1278 4369 fas
1304 4312 1446 4384 prohibet,
1470 4315 1579 4382 emptor
1601 4312 1768 4368 navicularii
1787 4314 1961 4373 functionem

518 4423 568 4476 pro
586 4404 667 4459 modo
686 4404 823 4474 portionis
835 4408 1013 4474 comparatae
1027 4403 1134 4466 subeat,
1146 4420 1190 4456 res
1204 4400 1278 4455 enim
1292 4398 1368 4455 oneri
1381 4398 1496 4454 addicta
1720 4434 1787 4471 Im

517 4495 571 4556 est,
599 4510 652 4546 uon
680 4509 799 4560 persona
819 4491 1006 4547 'mereuntisfi
1051 4489 1148 4557 Neque
1176 4486 1380 4541 navicularium
1400 4485 1494 4541 *ilico*
1569 4487 1744 4541 *mercatoris*
1791 4487 1796 4555 1
1848 4490 1858 4510 1
1885 4493 1961 4544 *ona

518 4579 646 4635 iubemus
663 4577 722 4632 fieri
740 4596 811 4642 eum,
830 4577 878 4647 qui
898 4576 1005 4646 aliquid
1025 4575 1214 4646 comparavit,
1240 4574 1287 4628 sed
1306 4590 1367 4627 eam
1386 4576 1496 4641 partem

518 4683 590 4733 quae
618 4667 714 4733 empta
741 4667 784 4719 est
806 4682 856 4733 pro
884 4683 932 4718 suo
956 4663 1037 4717 modo
1059 4679 1092 4716 ac
1117 4661 1226 4717 rat-ione
1251 4677 1310 4717 esse
1329 4658 1495 4713 munificam.

519 4751 578 4807 Neo
605 4750 678 4806 enim
706 4755 797 4808 totum
825 4749 1024 4822 patrimonium
1052 4750 1087 4803 ad
1114 4750 1285 4804 functionem
1314 4743 1495 4800 *navicularii
1567 4745 1780 4800 *naviculariam*

519 4836 653 4893 muneris*
678 4838 871 4907 occupandum
894 4837 958 4900 erit,
986 4837 1059 4905 qnod
1087 4834 1219 4890 habuerit
1241 4832 1289 4902 qui
1313 4831 1354 4887 rei
1376 4830 1494 4899 exiguae

518 4928 658 4980 mercator
675 4924 809 4988 accessit,
828 4925 875 4979 sed
894 4923 945 4978 illa
963 4922 1063 4992 portio,
1082 4940 1153 4991 quae
1172 4922 1208 4975 ab
1227 4918 1309 4974 initio
1328 4915 1493 4972 navicularii

519 5010 586 5075 fuit,
610 5011 645 5065 ad
668 5010 827 5081 pensionem
846 5009 928 5064 huius
946 5008 1123 5081 [functionis
1141 5007 1200 5061 sola
1219 5005 1339 5059 tenenda
1358 5008 1412 5066 est,
1432 5000 1495 5057 resi·
1565 5002 1659 5074 [modi

520 5099 574 5152 duo
592 5096 773 5167 patrimonio,
791 5097 864 5165 quod
889 5097 925 5150 ab
949 5096 1001 5149 hoe
1021 5094 1131 5148 vinculo
1149 5092 1269 5147 liberum
1286 5094 1340 5154 est,
1360 5090 1448 5145 otioso
1467 5094 1496 5144 et
1551 5111 1657 5118 -

487 5193 498 5245 1
519 5183 626 5238 inmuni
644 5184 786 5240 servando.
890 5184 991 5237 Domos
1010 5199 1082 5244 vero,
1101 5198 1217 5249 quarum
1237 5179 1315 5231 cultu
1334 5178 1416 5232 decus
1436 5175 1545 5230 urbium
1568 5176 1664 5246 potius
1687 5193 1770 5245 quam
1789 5177 1898 5234 fruetus
1917 5181 1963 5236 ad·

520 5272 647 5339 quiritur,
666 5270 716 5325 ubi
735 5288 752 5325 a
769 5269 950 5324 naviculariis
969 5270 1101 5331 veneunt,
1121 5284 1170 5335 pro
1189 5267 1270 5320 tanto
1289 5264 1370 5318 modo
1389 5263 1424 5316 ad
1444 5263 1516 5316 hane
1536 5262 1696 5332 pensionem
1720 5261 1841 5332 obligari
1859 5265 1965 5333 placet,

553 5382 567 5387 ..
585 5380 754 5388 ——-.—--.—
769 5380 782 5385 ..

521 5449 594 5500 lae.
613 5445 764 5499 achiloniV
848 5461 945 5512 procos.
968 5440 1081 5508 Africae]
1104 5441 1159 5492 vide
1178 5441 1214 5491 nd
1268 5440 1331 5491 Just.
1385 5440 1474 5489 rrrcvlim
1493 5440 1550 5489 urbi

521 5521 559 5582 13,
572 5523 624 5583 4,4
681 5516 698 5567 5
715 5512 820 5583 aliquid]
831 5531 880 5567 scr.
890 5513 942 5567 tale
954 5513 1016 5579 quid
1073 5509 1106 5562 12
1124 5511 1215 5562 domus

1995 4581 2006 4619 l

1989 5016 2010 5053 1⁰
