4800 6400
452 733 500 784 DE
517 732 762 784 luuvuuuu'rus
779 730 980 783 DEBITORVM
1145 731 1207 792 617
1608 726 1659 791 XI
1681 729 1722 790 27
1747 729 1852 792 2-28
1876 729 1895 792 3

453 899 502 971 qui
519 900 599 956 nulla
617 899 657 957 rei
675 898 823 956 familiaris
840 898 1000 955 substantia
1016 900 1106 954 fultus
1117 900 1161 954 est
1172 897 1277 967 quique
1289 896 1391 979 liberos
1403 913 1467 953 suos
1478 914 1562 969 aegre
1574 916 1608 954 ac
1621 896 1734 953 difficile
1747 898 1894 961 sustentet,

453 1005 504 1058 per
529 987 789 1067 ΜΨ,
819 989 971 1055 autequam
996 986 1047 1041 fiat
1073 983 1233 1040 calamitati
1256 972 1403 1048 obuouius,
1421 984 1584 1049 adiuvetur,
1607 984 1650 1040 ita
1667 989 1700 1055 ut
1718 983 1895 1055 proconsules

452 1072 650 1147 praesidesque
668 1078 698 1151 et
714 1072 867 1151 ratiennles
884 1090 935 1144 per
951 1070 1110 1128 universam
1127 1070 1251 1126 Africam
1269 1071 1589 1151 ιΙιαῑκριιαιιξη,ρρὲφεῐειὶιειιι
1610 1073 1640 1127 et
1657 1070 1808 1136 universis,
1826 1089 1895 1142 quos

453 1159 627 1219 adverterint
647 1159 676 1214 iu
699 1162 825 1231 egestate
851 1144 1211 1222 m'ii‘r'sblll”'censtitntos,
1238 1157 1275 1212 si
1313 1177 1341 1213 m
1364 1157 1549 1239 necessariam
1571 1157 1730 1230 largiantur
1752 1163 1838 1229 atque
1861 1176 1895 1214 ex

404 1291 406 1295 .
453 1245 766 1321 mammutium
782 1245 912 1319 protinus
929 1244 1057 1301 tribuant
1074 1248 1288 1315 competentem.
1323 1231 1464 1311 abliofret
1484 1244 1559 1302 euim
1580 1242 1682 1311 nostris
1703 1245 1839 1314 motibus,
1862 1248 1895 1300 ut
1933 1258 1945 1296 a

453 1351 620 1406 quemquam
639 1333 713 1390 fame
731 1331 829 1389 confici
848 1332 893 1388 vel
910 1333 947 1387 ad
965 1328 1111 1403 indiguum
1128 1331 1237 1388 facinus
1248 1349 1428 1403 prorumpere
1440 1331 1631 1389 concedamus.
1666 1348 1727 1387 niu.
1740 1349 1813 1387 euro.
1832 1347 1895 1386 sors.

453 1438 507 1476 run
525 1421 641 1489 nodus)
662 1437 799 1476 rsosrsrm
816 1436 849 1474 ur
867 1436 980 1476 muno
997 1436 1085 1474 oouss.

545 1596 571 1647 V

453 1715 670 1770 lsusteuteutV
734 1715 882 1770 3habeant
899 1724 1048 1785 potestatam
1066 1724 1093 1770 st
1110 1716 1152 1782 (ut
1171 1714 1357 1784 Gottofrsdus)
1375 1716 1514 1769 delendam
1581 1715 1789 1784 laegssanv

710 2153 874 2226 xxvffl.
911 2151 973 2225 uu
998 2149 1332 2225 mnnouuuus
1355 2134 1646 2226 nuuruouvn.

361 2299 751 2372 mmmmm

539 2419 595 2458 m.
614 2419 745 2458 munus
762 2421 789 2458 u.
808 2420 847 2458 so
864 2420 1021 2458 uvarum
1034 2404 1190 2473 vidum)
1203 2404 1351 2472 armeus).
1387 2401 1512 2473 Excepto
1530 2420 1598 2458 auro
1615 2403 1646 2458 et
1663 2403 1781 2474 argento
1793 2405 1897 2458 cuncta

452 2489 562 2560 reliqua
581 2488 765 2560 indulgemus.
801 2506 863 2544 nur.
886 2507 926 2544 vu
954 2507 1017 2545 sna
1045 2507 1108 2546 nov.
1134 2506 1315 2558 snuoosrnr,
1342 2506 1399 2544 noo.
1423 2505 1463 2543 xv
1485 2505 1548 2544 usn
1576 2505 1665 2545 nun.
1695 2489 1897 2562 mundans)

453 2593 567 2631 mnaso
584 2594 612 2630 s.
630 2593 674 2630 1111
690 2592 723 2630 rr
740 2592 884 2631 ssmvsmo
902 2594 990 2632 cossa

548 2769 571 2819 V

455 2889 1894 2900 *Μ-

360 2972 680 3042 mmmm

540 3094 614 3133 mr.
633 3081 791 3146 suonnuvs)
810 3095 842 3132 m
860 3078 1018 3146 nonoribus)
1036 3096 1082 3132 ss.
1101 3095 1207 3133 numo
1221 3079 1393 3145 desumo)
1405 3077 1584 3146 strumosum
1620 3075 1781 3148 Quingenta
1794 3073 1896 3147 viginti

454 3169 519 3224 octo
536 3164 617 3221 milia
634 3164 824 3236 quadraginta
841 3165 896 3221 duo
913 3164 1023 3237 iugera,
1048 3182 1122 3235 qnae
1141 3164 1297 3235 Campania
1313 3164 1459 3236 provincia
1481 3164 1562 3221 iuxta
1580 3163 1769 3235 inspectorum
1786 3161 1897 3219 relatio·

454 3270 517 3308 nem
539 3255 569 3309 et
596 3257 719 3309 veterum
744 3259 923 3309 monumenta
945 3253 1106 3308 chartarum
1130 3253 1158 3307 in
1179 3252 1297 3309 desertis
1319 3256 1350 3308 et
1371 3250 1507 3322 squalidis
1525 3250 1594 3307 locis
1612 3250 1715 3307 babere
1735 3249 1896 3314 dinoscitur,

455 3340 542 3396 udam
565 3338 784 3410 provincialibus
808 3338 992 3395 concessimus
1014 3342 1044 3395 st
1071 3340 1184 3394 chartas
1208 3338 1364 3409 superfluae
1392 3336 1582 3394 discribtionis
1607 3336 1724 3393 cremari
1746 3353 1896 3393 censemus

454 3444 516 3481 aar.
536 3444 599 3481 urm
617 3444 680 3482 usu
699 3444 788 3482 nsum
808 3429 986 3495 muciano)
1006 3443 1123 3482 oursuro
1140 3443 1174 3481 ss
1190 3443 1310 3482 eaosmo
1326 3443 1414 3481 consa
1936 3428 1948 3466 ⁵

548 3601 572 3651 V

454 3719 473 3773 4
489 3724 587 3776 hisdem
603 3724 628 3774 V
678 3726 856 3778 describtiouis
872 3728 897 3777 V

1859 3864 1898 3873 -ι

358 3941 660 4015 mmmm

542 4068 609 4105 mu
634 4069 680 4107 ns.
706 4070 892 4108 nmsouscuo
916 4056 1090 4124 musmo)
1110 4057 1206 4124 v(as1).
1243 4054 1372 4110 Omnium
1391 4055 1550 4117 titulorum,
1574 4052 1632 4108 sive
1650 4051 1699 4121 qui
1713 4052 1750 4106 ed
1768 4050 1899 4105 inlustres

457 4135 530 4192 viros
548 4138 704 4207 praefectos
722 4140 863 4208 praetorio
881 4141 940 4196 sive
959 4141 1008 4210 qui
1026 4142 1063 4197 ad
1081 4142 1246 4213 largitiones
1264 4143 1374 4197 nostras
1391 4140 1547 4211 pertinent,
1570 4157 1657 4208 usque
1675 4138 1704 4192 in
1722 4137 1899 4193 consulatum

455 4222 577 4293 primum
601 4224 767 4281 clementiae
791 4230 914 4291 nostrae,
937 4227 966 4281 id
992 4231 1144 4297 estusque
1167 4227 1349 4284 indictionem
1366 4227 1494 4296 quintam
1513 4225 1662 4290 decimam,
1680 4242 1754 4293 quse
1772 4221 1899 4293 proxima

456 4308 549 4373 fuerit,
568 4309 677 4379 reliqua
695 4312 824 4368 universa
842 4314 1026 4369 concedimus.
1063 4316 1155 4383 Atque
1174 4319 1206 4369 ut
1225 4313 1287 4385 ipsa
1304 4314 1438 4370 memoria
1455 4313 1624 4382 reliquorum
1643 4310 1802 4375 intercidat,
1821 4309 1899 4363 char·

457 4395 621 4462 tas'omues,
640 4398 699 4454 sive
718 4418 787 4468 quas
806 4401 941 4455 tabularii
960 4401 1110 4456 civitatum
1127 4400 1185 4457 sive
1204 4401 1297 4456 officia
1315 4400 1438 4455 iudicum
1457 4400 1516 4456 sive
1529 4399 1651 4454 officium
1664 4396 1822 4469 palatinum
1840 4394 1899 4451 sive
1938 4410 1949 4448 s

456 4481 625 4538 discussores
642 4484 756 4549 babent,
775 4486 876 4554 quibus
894 4490 988 4542 tamen
1006 4487 1066 4541 eius
1084 4488 1218 4557 temporis
1236 4491 1266 4543 et
1284 4486 1443 4543 debitorum
1461 4485 1573 4541 nomina
1596 4488 1625 4541 et
1642 4484 1740 4540 debita
1758 4482 1899 4538 coutinen-

457 4571 514 4637 tur,
540 4570 662 4638 undique
687 4570 716 4625 in
737 4572 859 4627 medium
882 4577 1067 4644 congregatas
1084 4575 1180 4644 palam
1200 4574 1319 4629 flammis
1337 4573 1464 4628 iubemus
1488 4571 1602 4628 aboleri.
1638 4572 1706 4626 Post
1723 4570 1899 4625 consulatum

458 4671 521 4709 uero
538 4657 759 4711 mansuetudinis
782 4662 905 4723 nostrae,
924 4659 953 4713 id
971 4664 1014 4715 est
1031 4679 1048 4715 a
1065 4660 1157 4731 prima
1175 4660 1328 4716 indictione
1350 4660 1380 4714 iu
1404 4660 1580 4715 consulatum
1598 4655 1708 4727 Olybrii
1726 4659 1755 4711 et
1773 4653 1895 4722 Probini,

457 4740 581 4795 omnium
607 4742 776 4811 reliquorum
804 4744 977 4801 exactionem
1005 4746 1136 4816 suspendi
1163 4750 1291 4816 oportere
1320 4764 1475 4809 censemus,
1498 4745 1585 4800 donec
1609 4741 1745 4798 admoniti
1763 4740 1895 4797 ordinarii

458 4826 563 4883 iudices
586 4828 787 4884 nominatorios
811 4831 909 4886 breves
933 4833 1039 4900 absque
1062 4832 1122 4886 ulla
1145 4831 1316 4887 conscribtos
1340 4832 1436 4886 fraude
1460 4830 1662 4897 transmittant,
1681 4828 1783 4898 quibus
1800 4829 1899 4898 aperte
1927 4844 1950 4882 ro

457 4914 578 4983 liqueat,
601 4932 673 4982 quae
695 4935 782 4985 penes
803 4917 1029 4981 minuscularios,
1052 4936 1124 4986 quae
1147 4936 1232 4987 penes
1255 4917 1374 4973 curiales
1396 4917 1506 4980 debita,
1530 4933 1602 4984 quae
1624 4914 1710 4971 etiam
1734 4914 1763 4969 in
1782 4911 1899 4969 desectis

458 5001 586 5057 domibus
613 5004 782 5069 habeantur,
810 5004 854 5058 his
881 5004 955 5060 enim
982 5004 1132 5075 praecipue
1156 5004 1353 5060 consulendum
1377 5006 1430 5069 est,
1454 5002 1503 5071 qui
1526 5002 1600 5057 iusto
1622 5000 1744 5058 remedio
1762 4998 1898 5070 indigent.

457 5088 596 5145 Noverint
614 5090 702 5161 igitur
720 5091 813 5146 officia
830 5091 867 5145 ad
885 5109 914 5146 se
932 5109 1012 5146 omne
1031 5090 1209 5161 dispendium
1226 5091 1393 5155 rediturum,
1415 5090 1439 5143 si
1463 5087 1614 5144 occultatis
1631 5086 1740 5142 idoneis
1758 5085 1897 5141 incorum

457 5174 550 5229 locum
577 5177 689 5232 faeneos
713 5178 870 5233 defectosve
893 5177 1069 5234 subiecerint.
1112 5177 1152 5231 Ex
1175 5178 1322 5232 consulatu
1347 5194 1414 5232 saue
1437 5173 1547 5245 Olybrii
1569 5177 1599 5230 et
1616 5171 1739 5237 Probini,
1757 5171 1787 5226 id
1803 5173 1847 5227 est
1865 5188 1898 5226 ex

458 5278 531 5315 nona
550 5261 703 5317 indictione
722 5262 751 5316 in
769 5267 944 5332 praesentem
966 5261 1041 5318 diem
1064 5262 1217 5318 adcelerari
1240 5261 1407 5318 solutionem
1426 5260 1548 5316 omnium
1567 5258 1714 5315 conveniet
1731 5257 1897 5314 debitorum.
1927 5276 1949 5315 se

459 5450 659 5522 lardromacho
686 5455 710 5504 V
791 5455 880 5508 4suit
901 5457 1075 5525 Ootdosredus
1207 5457 1285 5508 turios
1302 5456 1326 5505 V
1395 5456 1425 5507 11
1444 5455 1582 5523 pasnesV
1630 5451 1765 5522 paenssV
1814 5444 1901 5516 etiarn]

458 5520 606 5591 damnas]
624 5542 673 5577 scr.
691 5533 795 5578 nostrae
813 5527 922 5593 primum
992 5526 1154 5579 lammina·
1208 5526 1392 5594 Gordosredur,
1407 5533 1459 5578 tam
1476 5525 1500 5574 V
