4800 6400
428 718 478 774 DE
493 718 661 775 OPERIBVB
676 719 832 774 PVBLICIS
1122 721 1185 786 813
1617 717 1683 786 XV
1707 723 1722 786 1
1747 721 1875 787 48-51

429 892 556 964 proximo
579 893 728 948 consulatu
749 889 879 947 universa
905 890 1068 963 praedictae
1092 889 1156 945 urbi
1179 890 1338 947 debitorum
1364 888 1549 962 vectigalium
1574 890 1697 948 inlibata
1724 895 1877 964 augmenta

429 980 604 1052 pervaleant
639 995 702 1036 aar.
720 996 764 1033 mr
781 995 845 1033 aaa
863 995 976 1034 prorsa
994 979 1183 1049 a(s)v(nssaa)
1202 994 1268 1033 ross
1285 994 1360 1035 coss.
1377 994 1511 1034 vmauas
1528 980 1555 1034 i.
1572 983 1597 1034 δ.

524 1152 549 1205 V

430 1255 449 1313 Ξ
466 1253 628 1326 pandunt]
645 1264 812 1326 permaneant
824 1257 910 1323 Suet,
929 1273 1029 1326 semper
1047 1257 1151 1310 ualunt
1167 1273 1213 1324 epo

353 1464 633 1536 summm

519 1585 588 1625 mu
605 1587 653 1626 aa
670 1587 805 1626 assumo
822 1570 997 1641 aarum)
1013 1570 1185 1640 ammomlo
1203 1585 1329 1625 unsaros.
1371 1567 1580 1626 constructioni
1604 1588 1745 1628 murorum
1767 1577 1798 1629 et
1814 1590 1878 1628 con-

433 1654 577 1729 parationi
600 1655 856 1727 transvectioniqus
878 1657 1034 1728 specierum
1056 1655 1179 1713 universi
1199 1655 1260 1713 aine
1281 1657 1341 1713 ullo
1363 1655 1515 1728 privilegio
1538 1659 1712 1723 coartentur,
1733 1658 1778 1714 ita
1798 1657 1878 1715 utin

433 1742 480 1798 his
496 1743 645 1799 dumtaxat
661 1741 755 1799 titulis
772 1741 895 1799 universi
913 1759 964 1813 pro
981 1741 1110 1813 portione
1133 1759 1200 1798 suae
1218 1741 1400 1813 possessionis
1422 1745 1452 1799 et
1469 1740 1623 1813 iugationis
1641 1741 1678 1798 ad
1694 1742 1765 1800 haec
1782 1743 1879 1801 munia

435 1832 604 1896 coutantur,
621 1846 677 1899 quo
695 1829 737 1885 ita
755 1829 873 1895 demum,
892 1847 910 1885 a
927 1828 1043 1884 summis
1059 1829 1097 1885 ad
1114 1828 1224 1884 infimos
1240 1846 1329 1898 usque
1346 1827 1456 1885 sarcina
1473 1828 1645 1894 decurrente,
1662 1828 1769 1885 ferendi
1787 1830 1878 1886 oneris

435 1932 492 1972 non
510 1916 571 1972 leve
589 1915 733 1981 solacium,
751 1915 799 1971 sed
817 1914 848 1970 in
866 1932 1009 1972 commune
1027 1914 1156 1971 omnibns
1173 1916 1350 1986 profuturum
1368 1914 1507 1971 communi
1527 1915 1625 1972 labore
1643 1918 1762 1973 curetur.
1799 1916 1879 1981 Quod

434 1999 466 2057 in
482 2000 612 2073 partibus
628 2001 777 2057 dumtaxat
786 2000 957 2071 Illyricianis
973 2004 1098 2056 nostram
1110 1999 1289 2057 clementiam
1301 1999 1435 2058 statuisse
1447 2005 1499 2056 tua
1510 2001 1670 2058 sublimitas
1688 2007 1878 2075 recognoscet.

434 2103 497 2143 aas.
515 2104 535 2142 v
551 2103 589 2143 m
606 2104 697 2143 aram
715 2088 1007 2158 consummamus-1)
1024 2091 1070 2144 u‘n.
1087 2091 1134 2142 ii.
1152 2087 1296 2158 nosos(1o)
1313 2104 1376 2143 uun
1393 2104 1426 2143 aa
1444 2088 1613 2159 salomom)
1631 2106 1650 2144 v
1667 2107 1716 2146 aa.
1734 2106 1823 2146 cosas.

528 2264 557 2317 V.
575 2291 607 2302 -
626 2266 761 2317 sauma
779 2263 905 2330 11,17,4
920 2263 976 2331 (udi
991 2264 1069 2327 cide).
1087 2292 1121 2303 -
1138 2267 1225 2319 IveT.
1237 2264 1278 2331 10,
1291 2262 1334 2328 49,
1347 2264 1372 2320 l.

435 2399 525 2472 1555]
536 2387 570 2471 pf
581 2402 607 2453 V
669 2400 688 2454 2
705 2398 949 2469 transuectionique]
982 2418 1037 2466 cra,
1050 2409 1133 2454 nans
1186 2408 1273 2454 tantur
1286 2401 1312 2451 V
1377 2398 1421 2466 415
1437 2403 1549 2470 [masse
1560 2419 1609 2455 sar.
1623 2404 1720 2457 ferendi
1733 2407 1818 2460 oneris
1829 2425 1882 2461 nou

434 2475 561 2526 madonis
577 2472 603 2523 V
667 2473 832 2524 murmuras
844 2471 870 2522 V
990 2468 1046 2539 pro]
1060 2488 1134 2538 pesa,
1185 2471 1252 2523 levis
1269 2471 1394 2524 solacium
1412 2472 1457 2524 sed
1474 2473 1503 2524 in
1519 2487 1543 2524 o.
1559 2489 1584 2525 o.
1602 2475 1731 2541 profuturi

435 2541 528 2595 enar
574 2538 925 2609 munialpesn,moeuiaV
1008 2538 1132 2592 teotar-

523 2867 591 2906 mn
613 2868 661 2906 aa·
683 2866 791 2905 ramoso
812 2849 989 2918 Assumo)
1007 2848 1103 2917 v(ss1).
1142 2844 1230 2918 Opus'
1242 2848 1373 2918 coeptum
1395 2849 1542 2905 extruetur
1564 2851 1594 2906 st
1614 2850 1741 2922 porticus
1757 2856 1882 2916 theunas

437 2936 614 2994 Honorianas
632 2940 796 3007 praeconat
813 2933 875 2991 acie
893 2935 1092 2998 columnarum,
1111 2932 1189 2988 cuius
1207 2933 1292 2989 decus
1309 2936 1421 2989 tantum
1437 2937 1493 2999 est,
1517 2938 1551 2990 ut
1567 2935 1681 3007 privata
1699 2939 1772 3000 iuste
1789 2944 1882 3016 negle-

442 3027 556 3097 geretnr
573 3022 719 3095 paulisper
734 3021 854 3077 utilitas
889 3020 944 3076 Sed
961 3038 997 3077 ne
1015 3037 1114 3076 census
1131 3019 1175 3074 sui
1191 3018 1341 3090 quisquam
1358 3017 1517 3091 intercepta
1540 3021 1619 3079 lucra
1642 3025 1782 3097 deploret,
1800 3031 1850 3087 sed
1867 3049 1883 3088 θ

440 3109 580 3168 contrario
599 3127 661 3165 cum
680 3107 891 3180 pulchritudine
910 3105 1038 3162 civitatis
1064 3105 1152 3162 etiam
1175 3106 1303 3162 fortunas
1325 3123 1390 3161 suas
1408 3110 1507 3163 auctae
1523 3125 1582 3165 esse
1599 3109 1734 3178 laetetur,
1751 3133 1803 3186 pro
1821 3116 1883 3173 loco

439 3197 513 3270 qum}
531 3195 649 3267 quisque
667 3194 831 3268 possederat
848 3191 1099 3265 superaedificandi
1117 3192 1262 3250 licentiam
1279 3192 1394 3250 habeat.
1430 3192 1504 3249 Nam
1529 3194 1668 3253 inlocum
1686 3200 1792 3271 privati
1809 3203 1884 3261 aedi·

441 3283 508 3351 ficii,
526 3284 601 3356 quod
624 3282 654 3339 in
670 3301 752 3339 usum
774 3281 919 3353 publicum
942 3281 1111 3337 trarrslatum
1134 3284 1190 3345 est,
1214 3279 1428 3351 occupationem
1450 3281 1585 3339 basilicae
1606 3283 1735 3343 iubemus
1757 3293 1885 3347 vetustae

442 3370 606 3436 succedere,
631 3374 663 3425 ut
690 3371 851 3425 contractus
868 3367 984 3437 quidam
1002 3370 1032 3423 et
1049 3366 1221 3438 permutatio
1243 3368 1321 3423 facta
1341 3368 1483 3435 videatur,
1501 3387 1564 3425 oum
1582 3370 1721 3440 dominus,
1739 3375 1789 3445 qui
1805 3395 1886 3435 suum

445 3455 562 3514 dederat
580 3454 701 3521 civitati,
720 3472 771 3526 pro
790 3472 822 3511 eo
839 3453 989 3509 habiturus
1006 3452 1044 3509 sit
1061 3471 1095 3509 ex
1113 3451 1228 3524 publico
1246 3456 1354 3510 remota
1371 3454 1446 3511 omni
1463 3454 1618 3523 formidine,
1636 3459 1711 3528 (10οἆ
1723 3459 1886 3520 inconcusso

443 3544 542 3599 robore
560 3540 668 3613 etipse
686 3542 790 3597 habere
816 3545 845 3597 et
867 3539 969 3611 quibus
986 3540 1057 3596 velit
1078 3539 1189 3596 tradere
1210 3539 1329 3595 habebit
1346 3539 1465 3597 liberam
1481 3541 1656 3600 facultatem.
1690 3564 1753 3603 nar.
1765 3566 1809 3604 1111
1821 3567 1885 3607 m.

445 3647 564 3686 norm.
582 3629 870 3698 cossium-mopsus)
887 3644 1008 3683 sosomo
1025 3643 1088 3682 sun
1105 3643 1138 3681 aa
1155 3629 1325 3696 ffl00(081⁰)
1343 3644 1362 3682 V
1379 3646 1426 3682 ss·
1444 3645 1532 3683 σθω

533 3806 595 3859 VW
607 3803 711 3874 senapis
728 3803 745 3857 3
762 3800 907 3873 paulisper]

441 3926 459 3982 8
477 3925 561 3995 lucra]
580 3925 608 3992 V,
626 3928 685 3979 iura
698 3925 732 3977 W
788 3926 898 3994 deplorit
911 3923 945 3975 W
1007 3923 1025 3976 4
1043 3924 1140 3977 heton-
1191 3924 1268 3976 candi
1284 3924 1386 3977 cidem
1401 3925 1500 3991 requiri
1550 3923 1568 3977 8
1585 3924 1624 3992 eo]
1640 3926 1676 3993 W,
1694 3943 1725 3980 aa
1739 3926 1764 3977 V
1811 3926 1828 3980 9
1844 3947 1885 3982 ro-

443 4004 487 4051 tur
503 3996 537 4049 W
601 3994 646 4062 415
662 4013 710 4064 pro
720 3996 777 4049 loco
789 4013 814 4062 q.
825 4011 851 4061 q.
863 4012 889 4063 p.
902 3990 1139 4062 superaedificaudi]
1191 3991 1263 4060 bore]
1279 3992 1318 4044 Vn
1326 3994 1362 4057 W,
1380 3995 1467 4048 abore
1483 3993 1524 4044 V·
1591 3996 1629 4047 iiii
1645 4012 1727 4049 saeuo
1744 3998 1828 4063 spatio
1844 4016 1885 4052 n.

450 4065 516 4130 VW,
532 4083 580 4135 pro
597 4083 628 4119 eo
645 4066 715 4132 quod
731 4083 757 4133 q.
773 4065 919 4133 possedant
935 4065 1041 4131 insuper
1052 4063 1141 4115 aedifi·
1193 4063 1251 4115 licto
1270 4080 1317 4115 oss.
1334 4064 1365 4113 W
1432 4062 1466 4115 10
1482 4060 1532 4129 aa]
1550 4079 1575 4117 a.
1589 4064 1623 4114 W

362 4278 386 4345 1,
398 4276 431 4332 51
450 4272 513 4343 (418
530 4271 597 4344 Apr.
608 4271 647 4341 4).

536 4391 605 4431 mu
621 4372 1220 4443 as.asrnmor(aaarnoro)r(amoa1)o.
1259 4370 1361 4429 Turres
1382 4370 1449 4428 novi
1470 4371 1556 4438 muri,
1580 4371 1629 4443 qui
1646 4373 1685 4429 ad
1706 4372 1889 4431 munitionem

449 4460 692 4536 splendidissimae
710 4458 787 4514 urbis
800 4462 944 4514 extructus
961 4462 1012 4526 est,
1031 4458 1162 4529 conpleto
1179 4475 1263 4528 opere
1280 4456 1469 4529 praecipimus
1489 4475 1585 4529 eorum
1600 4460 1664 4515 usui
1682 4459 1820 4531 deputari,
1838 4478 1889 4531 per

446 4566 564 4621 quorum
589 4550 679 4603 terras
704 4545 778 4601 idem
803 4563 898 4600 murus
925 4544 1019 4601 studio
1044 4561 1078 4600 ao
1104 4543 1262 4616 provisione
1289 4547 1355 4600 tuae
1381 4543 1585 4615 magnitudinis
1606 4562 1640 4601 ex
1657 4549 1769 4603 nostrae
1786 4546 1886 4602 sereni·

444 4634 515 4694 tatia
532 4632 650 4690 arbitrio
667 4632 840 4697 celebratur,
870 4631 968 4687 eadem
992 4631 1055 4703 lege
1082 4629 1112 4685 in
1137 4633 1305 4702 perpetuum
1330 4633 1360 4686 et
1386 4629 1547 4687 condicione
1572 4633 1722 4698 servanda,
1748 4635 1782 4688 ut
1807 4632 1888 4689 annis

447 4719 568 4795 singulis
585 4719 616 4774 hi
634 4719 679 4775 vel
698 4717 868 4787 adquorum
886 4716 948 4772 iura
965 4718 1086 4773 terrulae
1104 4715 1324 4788 demigraverint
1335 4714 1449 4787 proprio
1466 4720 1581 4786 sumptu
1598 4734 1693 4773 earum
1711 4717 1889 4774 instauratio-

444 4826 509 4866 nem
534 4806 648 4863 sibimet
672 4804 843 4875 intellegant
864 4805 1078 4875 procurandam,
1101 4820 1252 4873 earumque
1274 4821 1326 4858 usu
1349 4802 1464 4873 publico
1481 4801 1616 4859 beneficio
1633 4802 1776 4874 potientes
1793 4821 1887 4859 curam

445 4892 633 4967 reparationis
651 4910 685 4948 ac
703 4890 923 4947 sollicitudinem
940 4890 978 4945 ad
994 4908 1023 4945 se
1042 4907 1097 4946 non
1114 4888 1262 4961 ambigant
1279 4889 1427 4959 pertinere.
1463 4889 1509 4944 Ita
1525 4888 1600 4945 enim
1615 4892 1645 4945 et
1655 4889 1788 4959 splendor
1798 4889 1890 4962 operis

445 4986 476 5041 et
498 4978 626 5037 civitatis
650 4975 771 5034 munitio
788 4995 852 5033 cum
873 4975 1049 5048 privatorum
1070 4994 1122 5032 usu
1144 4979 1174 5032 et
1198 4974 1327 5032 utilitate
1344 4973 1510 5031 servabituu
1546 4991 1608 5031 aar.
1626 4992 1699 5032 ram.
1717 4992 1781 5031 sos.
1799 4992 1890 5031 asma

445 5084 524 5125 uvcro
542 5084 561 5122 v
578 5084 602 5121 c.
619 5082 693 5120 cona

539 5237 902 5307 vm-wmemm

447 5365 647 5420 lmonitioncm
662 5362 696 5414 W
760 5359 883 5414 dstudiu
897 5358 930 5410 W
994 5357 1143 5411 testebra-
1195 5374 1285 5410 eorum
1299 5358 1364 5410 Iust.
1468 5353 1653 5424 dearumque]
1671 5355 1733 5419 VW,
1751 5370 1890 5425 eorumque

447 5435 500 5504 tar]
516 5431 674 5520 V‘Wlsfet„
691 5428 871 5515 celeraturV¹
954 5428 1098 5481 conditione
1114 5427 1148 5477 W
1195 5426 1259 5479 lust.
1291 5425 1446 5545 Vpotientee]
1463 5426 1569 5489 Vlust,
1586 5427 1717 5493 potientur
1730 5424 1765 5477 W
1817 5424 1890 5482 tua

515 5501 694 5571 5111me
757 5518 848 5569 propio
865 5497 899 5549 W
963 5494 1062 5565 aarum]
1079 5496 1143 5560 VW,
1195 5492 1276 5563 cona]
1314 5495 1470 5559 ,ocusaW
