4800 6400
578 686 629 752 XI
651 692 692 755 28
720 691 842 755 10-13
1272 698 1335 760 620
1492 700 1539 752 DE
1555 701 1803 755 muniamus
1820 704 2026 757 Daunum

578 859 675 914 eadem
695 858 871 933 indulgentia
889 868 1055 927 meruerunt,
1074 882 1158 933 quam
1177 864 1315 938 sacrilego
1333 865 1426 923 animo
1439 871 1574 926 temerare
1586 868 1681 926 cenati
1693 873 1767 927 sunt
1803 888 1867 928 nar.
1885 890 1906 929 v
1923 890 1960 928 sn.
1971 890 2024 931 rvr..

578 949 865 1017 oonssss(r1u)01³(o1.1)
883 949 1024 1018 nonesto)
1041 968 1061 1006 x
1079 968 1111 1005 ss
1129 953 1300 1020 affrodosio)
1318 971 1348 1008 vr
1366 972 1412 1008 ss.
1430 971 1519 1010 conss.

671 1127 694 1174 V

423 1351 793 1421 mmumwm

666 1471 732 1509 mars
755 1471 802 1509 ss.
826 1470 952 1508 uonsxro
974 1455 1149 1524 deseruero)
1172 1457 1352 1525 danmando.
1393 1456 1534 1529 Primipili
1557 1454 1674 1528 reliquo,
1698 1462 1846 1530 tanquam
1872 1460 1912 1516 ad
1937 1478 2024 1531 nuper

580 1540 710 1598 emissam
727 1542 886 1612 generalem
904 1540 1109 1613 indulgentiam
1126 1541 1241 1599 minime
1259 1542 1428 1613 pertineant,
1441 1542 1565 1615 flagitmi
1577 1543 1765 1615 cognovimus
1801 1546 1926 1616 Ideoque
1937 1545 2024 1602 nnci-

579 1645 641 1682 mns
663 1626 800 1698 primipili
824 1644 934 1697 quoque
957 1627 1068 1696 reliqua
1090 1627 1214 1684 eiusdem
1237 1628 1371 1700 temporis
1393 1629 1514 1686 relaxari
1535 1647 1587 1687 nee
1611 1647 1780 1701 quemquam
1802 1630 1906 1689 debere
1923 1649 1975 1703 pro
1991 1650 2023 1689 eo

579 1717 717 1784 tempore,
742 1714 817 1783 quod
839 1712 1017 1784 indulgentia
1038 1712 1177 1778 delinivit,
1202 1714 1340 1785 primipili
1365 1715 1408 1772 vel
1434 1714 1586 1772 cuiuslibet
1607 1716 1723 1772 alterius
1745 1715 1826 1773 tituli
1848 1717 1946 1789 gratia
1963 1735 2023 1774 eon·

580 1798 668 1856 veniri
691 1802 803 1870 praeter
819 1799 977 1865 Docimeui,
995 1799 1175 1855 Proconensis
1192 1802 1222 1856 et
1241 1800 1406 1858 Troadensis
1424 1801 1601 1858 metallorum
1617 1802 1766 1869 debitores,
1784 1821 1855 1874 qnos
1872 1806 1904 1861 et
1921 1805 2024 1861 dudum
2056 1825 2068 1865 s

579 1888 657 1943 latae
680 1886 873 1959 indulgentiae
894 1886 979 1943 series
1001 1886 1212 1956 conprehendit.
1247 1904 1309 1942 nar.
1329 1904 1348 1943 v
1364 1906 1401 1943 m.
1424 1904 1497 1944 ssr’r.
1514 1905 1674 1945 micum
1697 1890 1870 1960 molosso)
1888 1908 1918 1946 a
1935 1907 1978 1946 vn
1993 1908 2024 1947 ss

579 1992 716 2030 resumo
733 1990 821 2029 oosss.

673 2147 697 2198 V

579 2271 596 2324 5
613 2278 640 2324 ot
656 2268 765 2337 dudum]
779 2277 895 2337 expectes
911 2285 960 2321 nse
977 2269 1075 2321 dudum

425 2509 805 2580 mmmfflmmu

666 2632 733 2670 insu
751 2618 798 2670 is.
817 2631 953 2672 emmo
971 2615 1146 2684 slsum)
1164 2616 1346 2685 auunculo.
1382 2616 1497 2671 Praeter
1519 2616 1663 2672 censuales
1684 2615 1843 2673 functiones
1861 2616 2025 2688 Campania,

580 2719 665 2770 quam
692 2705 722 2757 et
749 2701 900 2759 vetustatis
926 2701 1039 2774 gratim
1065 2707 1162 2759 onerat
1189 2702 1343 2758 adscribtio
1365 2707 1394 2759 et
1421 2707 1485 2773 post
1511 2703 1634 2758 hostium
1658 2702 1783 2760 vastavit
1805 2703 1944 2769 incursio,
1961 2721 2021 2775 per-

580 2788 709 2859 aequatis
727 2789 876 2846 territoriis
894 2806 994 2845 nonam
1013 2794 1124 2860 partem
1142 2789 1336 2845 tantummodo
1358 2789 1505 2861 praeteriti
1533 2790 1602 2845 assis
1625 2789 1803 2861 publicarum
1820 2789 1925 2847 toleret
1950 2791 2026 2845 lunc

581 2874 696 2931 tionum.
733 2875 866 2931 Picenum
885 2894 950 2932 vero
967 2880 997 2933 et
1015 2876 1146 2932 'l'useiam
1164 2877 1372 2934 suburbicarias
1394 2877 1521 2949 regiones
1542 2877 1692 2949 septimam
1714 2877 1885 2934 tributorum
1904 2879 1942 2934 ad
1959 2897 2023 2950 sup-

580 2961 756 3031 putationem
775 2962 953 3032 professionis
971 2962 1106 3032 antiquae
1123 2982 1173 3033 per
1192 2963 1334 3020 universos
1345 2963 1444 3020 titulos
1455 2963 1583 3020 iubemus
1595 2981 1752 3036 agnoscere,
1766 2969 1799 3020 nt
1809 2965 1900 3021 recise
1912 2965 2023 3037 antiqui
2059 2980 2071 3020 s

581 3065 678 3102 census
696 3065 777 3103 onere
795 3047 820 3103 is
838 3052 949 3104 tantum
968 3050 1073 3114 modus,
1092 3067 1175 3118 quem
1193 3049 1320 3119 superius
1338 3050 1595 3121 conprehendimus,
1613 3049 1720 3105 chartis
1738 3051 1862 3121 publicis
1877 3051 2025 3119 inseratur,

581 3134 635 3189 hac
659 3135 835 3201 condicione,
862 3140 895 3190 ut
921 3136 1010 3192 omnis
1035 3155 1119 3208 super
1140 3137 1311 3193 desertorum
1335 3136 1446 3194 nomine
1468 3138 1594 3206 querella
1615 3137 1644 3192 in
1667 3139 1810 3208 posterum
1833 3139 2023 3210 conquiescat.

581 3237 643 3275 nar.
662 3238 723 3276 svn
741 3239 804 3278 m.
823 3240 880 3277 ose.
898 3225 1290 3294 nsv(suuss)u0u0s(1o)xu
1308 3226 1527 3295 marmuloso)
1546 3242 1598 3280 vm
1615 3242 1662 3279 ss.
1680 3241 1769 3280 consa

581 3349 991 3359 -——-.-—-——-—-———

674 3433 698 3482 V

584 3554 756 3640 losnsuslss]
770 3556 1087 3640 cursualesllottosredas
1125 3552 1274 3639 'llldpnne
1296 3559 1301 3679 Ι
1326 3555 1416 3608 recisio
1439 3553 1463 3604 V

581 3634 681 3679 tronum
698 3627 722 3676 V
820 3624 1001 3693 dantqueV
1081 3622 1173 3691 reciso]
1200 3623 1272 3686 Vrec,

426 3862 528 3928 xlae
544 3863 576 3918 13
593 3863 655 3927 (422
676 3862 754 3918 Febr.
767 3864 821 3932 20).

667 3985 733 4021 runos
756 3985 803 4022 ss.
827 3983 965 4021 vausune
988 3966 1099 4032 coulrn)
1124 3966 1236 4033 manvu)
1260 3963 1471 4030 albivinam).
1507 3962 1617 4025 Breves,
1637 3981 1706 4031 quos
1724 3964 1896 4033 spectabiles
1914 3983 1948 4020 ac
1967 3984 2029 4035 pro·

581 4052 720 4107 batissiuri
744 4053 824 4108 nobis
851 4052 903 4106 viri
926 4071 958 4106 ae
982 4052 1171 4122 palatinorum
1194 4068 1336 4105 sacrarum
1362 4050 1406 4104 vel
1429 4050 1465 4103 ad
1490 4048 1669 4118 praetoriana
1687 4048 1791 4104 serinia
1809 4051 1979 4116 detulerunt,
1999 4058 2029 4108 et

581 4138 758 4208 professionis
777 4140 887 4193 modum
907 4157 978 4201 curn,
997 4138 1045 4206 qui
1064 4137 1195 4193 brevibus
1214 4137 1294 4200 sedit,
1312 4134 1396 4190 scribi
1417 4135 1553 4196 volumus,
1578 4152 1640 4189 eum
1660 4153 1723 4190 veru
1742 4135 1790 4203 qui
1809 4135 1913 4191 recisus
1931 4143 1976 4193 est
1993 4140 2028 4195 de

581 4224 687 4278 chartis
706 4224 827 4293 publicis
846 4225 972 4281 iubemus
991 4224 1101 4281 auferri.
1139 4224 1218 4278 Unde
1236 4223 1385 4278 secundum
1413 4222 1493 4275 fidem
1516 4221 1753 4290 polyptychorum
1776 4240 1826 4290 per
1851 4224 2027 4292 provinciam

581 4312 805 4383 proconsularem
824 4330 922 4367 novem
942 4312 1022 4367 milia
1040 4314 1108 4366 duas
1127 4310 1268 4367 centurias
1286 4309 1383 4379 iugera
1402 4311 1512 4364 eentum
1531 4307 1719 4378 quadraginta
1737 4326 1822 4362 unum
1845 4308 1874 4363 in
1893 4310 2028 4366 solvendo
2065 4325 2076 4362 s

581 4403 610 4454 et
635 4398 758 4467 quinque
782 4398 862 4453 milia
884 4398 1078 4469 septingentas
1102 4397 1243 4454 centurias
1266 4396 1364 4466 iugera
1387 4397 1498 4450 centurn
1522 4393 1710 4464 quadraginta
1737 4397 1872 4463 quattuor
1895 4397 1979 4450 semis
1998 4397 2026 4452 in

581 4484 765 4550 removendis,
796 4504 846 4555 per
878 4485 1051 4555 provinciam
1079 4503 1143 4540 vero
1174 4486 1348 4553 Byzaceuam
1378 4482 1406 4535 in
1436 4481 1605 4551 praestanda
1633 4480 1777 4537 functione
1808 4485 1917 4551 septem
1947 4483 2029 4539 milia

581 4574 801 4643 quadringentas
819 4571 967 4642 sexaginta
985 4571 1126 4627 centurias
1144 4571 1242 4641 iugera
1260 4574 1371 4624 centuni
1390 4567 1542 4638 octoginta,
1561 4569 1669 4636 septem
1690 4566 1770 4622 milia
1788 4574 1929 4624 sescentas
1947 4569 2028 4638 quin·

581 4659 670 4716 decim
691 4679 755 4715 veru
779 4659 919 4715 centurias
938 4660 1035 4731 iugera
1053 4658 1109 4714 tria
1125 4657 1209 4715 semis
1226 4657 1254 4711 in
1273 4655 1423 4711 auferenda
1446 4656 1556 4709 constat
1574 4653 1724 4717 adscribta,
1746 4656 1778 4707 ut
1797 4653 1873 4708 eirca
1891 4672 1946 4719 eos,
1965 4656 2027 4724 qui·

580 4749 633 4801 bus
652 4748 799 4802 conlocata
817 4764 850 4802 ae
868 4748 996 4803 relevata
1014 4750 1079 4802 suut
1097 4746 1225 4817 praedia,
1244 4745 1281 4799 ad
1298 4741 1477 4800 securitatem
1502 4743 1655 4810 perpetuae
1671 4740 1854 4810 proprietatis
1872 4740 2027 4797 intermina
2055 4756 2080 4794 so

581 4833 689 4902 possint
713 4837 808 4890 aetate
831 4833 943 4889 servari.
984 4834 1024 4888 De
1047 4833 1091 4886 his
1115 4849 1192 4894 vero,
1217 4847 1290 4899 quae
1312 4828 1412 4885 edictis
1436 4826 1622 4897 pendentibus
1646 4827 1767 4880 nondum
1790 4829 1855 4880 sunt
1873 4827 1959 4881 certis
1977 4829 2027 4882 ad·

580 4921 694 4992 signata
705 4919 838 4990 personis,
857 4925 978 4976 rectores
996 4919 1202 4990 provinciarum
1216 4916 1387 4973 decernimus
1400 4913 1553 4984 providere,
1566 4915 1598 4966 ut
1610 4912 1788 4967 manentibus
1800 4912 1939 4976 remediis,
1953 4932 2028 4982 quae

581 5007 648 5062 fides
666 5024 751 5077 supra
763 5006 841 5061 dieta
853 5005 999 5070 adtribuit,
1012 5005 1118 5062 idoneis
1134 5005 1319 5060 conlocentur.
1349 5018 1410 5055 usn.
1422 5017 1441 5053 x
1454 5016 1516 5054 m.
1530 5015 1611 5052 usar.
1626 5003 1795 5066 ssvlssuss)
1814 5001 1957 5068 uosonlro)
1971 5017 2027 5055 ¹111

581 5111 613 5147 nr
631 5097 801 5161 desomnem)
819 5111 839 5147 x
857 5111 903 5147 ss.
922 5110 1010 5147 conss.

582 5425 648 5477 2ae
666 5426 837 5494 palatinorum
849 5444 978 5478 sacrarum
993 5423 1045 5493 nel]
1058 5425 1215 5491 sortassead
1229 5422 1276 5487 (sic
1300 5434 1305 5553 ι
1329 5420 1371 5471 uel
1440 5412 1699 5481 dpolypticoruml'
1760 5415 1908 5480 prouincias
1920 5433 2029 5487 procon-

585 5494 770 5563 Gotlrosrcdus)
788 5498 903 5563 palatina
927 5497 1087 5564 privatarum
1109 5510 1276 5547 sacrarumus
1329 5490 1436 5541 solarem
1452 5485 1476 5534 V
