4800 6400
352 720 377 772 »ι
390 719 555 774 namra
574 719 720 776 imvrs
738 720 844 774 scam.
863 721 908 773 nr
924 719 1067 774 mcum.
1162 721 1223 784 ιω
1678 719 1763 790 vm
1789 724 1802 785 1
1829 723 1911 786 3-7

352 887 455 963 ,sce
472 908 584 962 quoque
598 892 604 961 Ι
618 891 743 963 ipsorum
760 893 880 956 tentum,
898 889 948 961 qui
965 908 1000 947 cx
1017 889 1063 945 bis
1080 888 1181 948 censiti
1198 892 1272 955 suut,
1290 889 1379 948 facist
1396 889 1494 949 haberi
1518 889 1671 956 inmunem,
1688 891 1782 962 quoad
1799 889 1828 946 in
1845 893 1912 948 actu

470 977 576 1037 luerint
593 977 750 1044 constituti,
768 995 833 1036 uam
850 979 951 1049 postes
969 978 1015 1035 rel
1032 977 1095 1032 laus
1112 993 1160 1032 eos
1177 979 1208 1034 et
1225 975 1351 1048 dignitas
1368 976 1519 1037 honorabit
1535 978 1595 1044 rel,
1613 977 1638 1032 si
1656 976 1687 1033 in
1704 979 1790 1051 culpa
1807 977 1913 1039 ruent

470 1064 645 1140 deprehensi,
662 1083 754 1139 poena
771 1063 961 1121 comitabitur.
996 1081 1094 1120 mssa
1111 1080 1143 1119 m
1161 1080 1225 1119 sorr.
1244 1080 1303 1120 ιω.
1324 1081 1463 1121 nunno
1479 1081 1520 1120 rr·
1530 1082 1659 1121 mosne
1675 1082 1764 1125 cosae.

557 1240 583 1293 Β

472 1361 640 1418 musas
708 1363 949 1433 cannuensis

352 1579 454 1649 rcum
470 1588 532 1660 (sss
548 1587 616 1645 uu.
631 1589 682 1656 rs).

554 1710 623 1749 mn
645 1711 672 1750 Α.
697 1710 736 1749 sn
758 1710 965 1750 morsuram
982 1695 1138 1765 vro(rs1)v1
1160 1711 1249 1750 mna
1285 1694 1378 1750 Vorax
1396 1694 1426 1751 et
1443 1676 1652 1751 fraudulentum
1774 1729 1842 1768 Im,

469 1778 687 1836 numerariorum
708 1778 894 1852 propositum,
917 1779 966 1851 qui
992 1779 1110 1838 dirmsis
1126 1779 1309 1852 [rectoribus
1326 1781 1529 1851 obsequuntur,
1551 1780 1595 1836 ita
1612 1780 1652 1836 in-
1721 1780 1877 1854 [obsequiis

469 1864 620 1924 hibendum
638 1868 689 1932 est,
707 1868 740 1922 ut
758 1867 817 1923 *et*
830 1869 915 1925 antea
927 1867 1068 1924 sanximus
1085 1870 1115 1924 et
1132 1886 1206 1924 nunc
1222 1867 1321 1925 itidem
1336 1867 1482 1935 sancimus,
1495 1866 1652 1924 condicioni
1723 1873 1735 1894 ‘
1757 1867 1768 1893 ⁴
1788 1888 1837 1922 mu

468 1971 515 2009 eos
532 1951 616 2009 subdi
627 1955 829 2010 tormentorum
840 1957 869 2011 et
880 1953 984 2011 eculeis
996 1955 1087 2026 adque
1102 1953 1323 2013 lacerationibus
1334 1954 1502 2025 subiaceret
1513 1972 1564 2012 noc
1576 1955 1653 2011 ultra
1716 1954 1727 2022 ΙΙ
1733 1959 1783 2026 fio.

469 2039 614 2097 biennium
630 2039 683 2096 hoc
701 2039 781 2113 fungi
799 2039 940 2112 obsequio.
975 2059 1009 2097 nr
1025 2058 1135 2098 omma
1176 2058 1240 2099 oar.
1257 2059 1322 2099 mm
1339 2059 1403 2100 nn
1422 2060 1479 2099 rvr.
1498 2059 1602 2099 omero
1619 2058 1652 2097 rr

470 2144 589 2184 rimmo
606 2143 695 2182 cossa

554 2305 588 2358 s.
608 2334 639 2344 -
658 2303 892 2374 mercarer.

470 2442 737 2498 ladbenorioinnum
745 2445 1030 2512 R,uerouicisnoIart.
1086 2444 1159 2499 lob-
1211 2443 1354 2514 mmmm]
1374 2445 1451 2511 lun,
1476 2445 1651 2499 sunoxerimur
1669 2445 1695 2496 R
1795 2440 1908 2497 dsubdi

467 2521 591 2567 secuntur
599 2513 646 2580 B¹,
664 2511 873 2583 obsequamer
941 2512 1025 2584 δαί]
1043 2514 1108 2568 esR
1212 2512 1408 2585 tormentorum]
1429 2515 1503 2581 luc,
1520 2514 1722 2569 subditorumlt

353 2734 454 2810 aare
470 2737 533 2809 (ass
550 2736 617 2793 na.
629 2736 665 2805 c).

553 2859 611 2897 ιιι.
629 2858 812 2898 consuamus
829 2860 856 2897 s.
874 2859 913 2896 sn
930 2859 1044 2898 rins!
1061 2843 1259 2912 emmau)
1271 2841 1450 2913 (sumaim.
1484 2840 1614 2899 Actuarii
1632 2839 1839 2898 condicionales
1857 2841 1910 2896 sol·

467 2926 548 2986 licite
565 2928 679 3000 proprio
697 2929 853 3001 fungantur
870 2929 962 2986 officio
985 2947 1038 2986 nec
1059 2929 1096 2985 ad
1117 2929 1253 3000 quasdam
1275 2927 1408 3000 inrepunt
1430 2926 1597 2999 dignitates,
1621 2925 1723 2999 quibus
1740 2944 1788 2984 ecs
1804 2927 1911 2999 perfrui

466 3014 576 3072 divalia
598 3016 707 3072 statuta
731 3015 890 3087 prohibent.
930 3015 990 3071 Hoc
1015 3013 1117 3071 vitium
1142 3013 1313 3087 corrigentes
1335 3031 1385 3071 nos
1408 3013 1496 3071 etiam
1513 3012 1644 3069 iussimus
1661 3012 1774 3070 utiliter
1790 3029 1808 3068 a
1826 3017 1908 3085 patre

466 3105 620 3175 praecepta
642 3101 747 3160 servari
770 3106 800 3158 et
821 3100 926 3158 litteris
948 3102 985 3158 ad
1005 3101 1156 3174 magistros
1178 3100 1307 3173 peditum
1329 3104 1360 3158 et
1381 3098 1509 3171 equitum
1535 3097 1610 3156 datis
1633 3098 1749 3156 iussioni
1777 3098 1909 3157 effectum

465 3187 656 3261 pmcipimus
674 3188 851 3246 commodari.
885 3206 947 3246 nir.
965 3206 1038 3246 rum.
1057 3205 1119 3245 son.
1137 3206 1197 3245 m.
1215 3187 1313 3259 sodi)
1330 3204 1496 3245 commemo
1514 3206 1541 3244 r.
1553 3204 1617 3244 sun
1628 3203 1661 3242 rr
1671 3202 1786 3244 musso
1798 3202 1872 3243 cuns.
1884 3203 1907 3243 ιι
1944 3210 1956 3250 s

465 3294 555 3334 ocsus

555 3451 581 3503 B

466 3572 750 3642 lmsgistrinpoditum
767 3574 807 3624 R·
880 3571 897 3626 5
915 3590 964 3625 ser.
983 3574 1161 3642 praecepimus
1213 3582 1311 3628 omues
1328 3592 1358 3627 so
1376 3575 1418 3628 dis
1437 3572 1612 3627 cunensem
1630 3575 1769 3629 comtitissc
1786 3573 1885 3628 Bomos

518 3645 669 3710 ευὸιονὶριίο
686 3660 714 3696 eo
727 3647 862 3711 firmatur,
878 3643 947 3709 quod
963 3660 994 3696 eu
1012 3644 1160 3695 mucoribus

352 3875 398 3949 dli
409 3885 454 3952 ιι
470 3881 531 3952 (sca
550 3882 608 3937 nn.
622 3882 674 3952 ιι).

557 4003 615 4040 m.
641 4002 772 4041 nunnus
802 4003 829 4040 s.
857 4003 895 4040 sn
925 4002 1073 4040 srxonms
1100 4002 1291 4041 consuescas!
1321 4003 1444 4043 urseris.
1498 3987 1671 4056 Numerarii,
1705 3989 1754 4060 qui
1781 3988 1911 4062 publicas

463 4072 587 4129 rationes
605 4071 755 4128 civitatum
773 4071 892 4127 versutis
910 4072 1055 4128 fraudibus
1073 4074 1196 4129 lacerare
1215 4073 1385 4140 didicemnt,
1406 4074 1572 4133 subiaceant
1590 4076 1690 4134 tortori
1710 4078 1820 4135 nomine
1840 4079 1910 4135 artis

464 4178 498 4216 ac
515 4158 630 4216 modia
664 4160 768 4215 Verum
787 4177 850 4214 cum
867 4158 1057 4228 quinquennio
1082 4157 1341 4217 administraverint
1365 4161 1479 4218 chartas
1497 4162 1639 4234 publicas,
1666 4183 1752 4220 unum
1769 4164 1910 4238 integrum

465 4264 569 4302 annum
587 4249 696 4311 vacent,
714 4248 747 4300 ut
764 4246 801 4300 ad
819 4244 1007 4300 incusantium
1025 4245 1118 4318 iurgia
1136 4246 1229 4302 facilis
1248 4247 1379 4318 adpetitu
1398 4248 1436 4303 sit
1449 4248 1510 4305 vita
1523 4250 1646 4321 privata.
1682 4251 1807 4325 Septimo
1826 4271 1909 4324 porro

465 4350 546 4398 anno,
565 4350 629 4388 cum
645 4333 757 4389 eosdem
774 4333 844 4388 bene
864 4332 1001 4387 creditum
1023 4352 1122 4388 munus
1140 4333 1350 4390 administrasse
1374 4336 1515 4403 claruerit,
1534 4355 1568 4394 ex
1586 4338 1799 4409 perfectissimis
1817 4338 1909 4394 dimit
1949 4364 1961 4403 5

352 4414 392 4470 .ss
406 4417 451 4473 tt
467 4422 571 4476 tantur.
614 4419 668 4474 Hic
690 4419 818 4476 abolebit
839 4419 926 4475 honor
951 4419 1110 4491 digniitatis
1134 4419 1249 4477 additae
1275 4425 1398 4479 veterem
1421 4422 1571 4482 vilitatem
1619 4442 1681 4482 ner.
1700 4442 1751 4480 ιιι
1769 4443 1832 4483 ιιι
1850 4443 1907 4497 sss.

463 4506 755 4575 commonicus)
773 4523 933 4560 nmrmo
951 4523 983 4561 ιι
1001 4524 1119 4561 surm
1137 4524 1227 4562 conss.

551 4683 577 4735 R

467 4804 481 4857 l
500 4803 628 4874 publicas]
648 4806 832 4873 Gothosredcoe,
851 4807 1013 4875 publicarum
1026 4806 1051 4856 R
1120 4803 1212 4872 lupe
1224 4806 1249 4857 R

352 5008 388 5077 ιι
401 5012 450 5080 1,r
468 5009 530 5078 (ecs
548 5009 630 5066 nan.
645 5012 677 5079 1).

551 5133 618 5170 mur
643 5134 671 5172 s.
700 5134 820 5173 sscrnno
847 5119 1021 5188 daumero)
1044 5118 1227 5186 demusin.
1274 5118 1450 5189 Quamquam
1473 5119 1656 5191 praecedente
1675 5117 1796 5175 iussione
1815 5135 1909 5176 omnes

464 5202 637 5258 numerarios
659 5202 864 5260 condicionales
887 5222 945 5261 esse
970 5202 1178 5275 praecepimus,
1205 5209 1300 5260 tamen
1318 5204 1480 5261 etiamnunc
1499 5222 1558 5271 eos,
1577 5204 1627 5274 qui
1645 5204 1814 5275 sumpserint
1832 5205 1910 5260 char·

464 5292 559 5343 tarum
576 5289 710 5345 notitiam
727 5293 757 5345 et
775 5290 804 5344 in
822 5291 919 5346 eodem
938 5290 1030 5347 officio
1043 5296 1132 5358 erunt,
1145 5290 1351 5348 condicionales
1369 5311 1429 5349 esse
1443 5291 1578 5358 iubemus,
1597 5294 1629 5347 ut
1647 5291 1767 5349 scientes
1785 5293 1862 5350 nullo
1881 5311 1910 5352 se

466 5464 726 5520 dnumorsrcrioslt
794 5465 855 5519 3in
873 5469 961 5520 codem
978 5465 1161 5535 officiocrunt]
1216 5469 1296 5521 serint
1316 5467 1436 5521 θιιίαοίιιι

466 5537 1162 5605 mpri,0ocsm0.inherint13,oodcmo.inhre
