4800 6400
369 719 417 776 DE
432 719 683 776 uuuvmoumvs
1059 724 1122 789 689
1507 722 1577 791 XII
1603 731 1617 794 1
1644 726 1810 792 107-111

369 892 486 950 arbitrio
503 892 648 950 morientis
665 893 808 950 exstiterit
826 893 913 964 veljsi
936 911 1020 964 quem
1041 893 1201 949 liberalitas
1223 895 1441 967 locupletaverit
1461 897 1533 953 forte
1557 896 1691 962 viventis,
1709 915 1814 967 quosa

369 979 463 1037 curiae
486 998 558 1036 nexu
582 979 709 1035 condicio
736 980 809 1036 solet
835 979 977 1044 dirimere,
1001 979 1094 1037 sciunt
1117 981 1288 1051 pecuniariis
1311 981 1545 1039 describtiunibus
1569 1001 1620 1054 pro
1644 1002 1678 1040 ea
1702 988 1815 1040 tantum

368 1070 450 1136 parte
467 1066 637 1136 patrimonii,
657 1067 685 1120 in
704 1085 788 1135 quam
808 1066 926 1135 quisque
945 1066 1080 1123 successit
1098 1069 1135 1122 ad
1152 1068 1339 1124 denarismum
1358 1069 1417 1125 siva
1434 1069 1533 1126 unciae
1550 1087 1609 1126 sese
1627 1069 1751 1126 auctoris
1768 1070 1811 1125 sui

369 1151 479 1207 nomine
497 1152 680 1208 retinendum.
716 1170 778 1206 nur.
798 1170 869 1207 ram.
889 1170 953 1207 usn
972 1170 1044 1207 sarr.
1063 1170 1190 1208 rasurus
1209 1172 1364 1209 munuum
1381 1173 1414 1209 rr
1431 1172 1570 1211 musano
1587 1173 1676 1211 conss.

590 1261 781 1269 ὴ.-

462 1345 486 1394 V

368 1464 386 1518 3
403 1466 504 1519 unicias
518 1465 544 1515 V
607 1466 624 1518 4
643 1468 713 1518 heus
730 1474 753 1518 et
769 1467 902 1532 inscriptio
920 1485 972 1519 uon
984 1475 1094 1533 puerunt
1112 1467 1257 1519 acediari.

1402 1592 1814 1603 0———a--Q

263 1669 596 1739 mmmmm.

454 1790 522 1828 marr
539 1792 606 1829 sss.
625 1793 664 1830 su
680 1792 820 1830 cruaosvu
838 1776 1034 1846 qamacrvrs)
1052 1777 1232 1846 murmano.
1267 1777 1311 1833 Ne
1330 1775 1393 1846 quis
1405 1777 1575 1833 officialium
1593 1777 1688 1835 curiae
1706 1796 1815 1851 poenae

368 1859 461 1931 specie
486 1864 572 1930 atque
594 1861 790 1919 aestimatione
814 1863 944 1928 dedatur,
967 1862 1021 1917 nisi
1043 1862 1067 1918 si
1088 1863 1151 1933 quis
1172 1864 1245 1920 forte
1269 1863 1377 1919 curiam
1393 1862 1540 1935 defugiens
1562 1864 1598 1919 ob
1616 1864 1669 1920 hoc
1687 1865 1814 1936 coeperit

367 1945 499 2012 militare,
519 1965 553 2004 ne
572 1947 706 2019 ingenitis
725 1949 860 2019 fungatur
877 1947 984 2004 officiis.
1020 1948 1122 2004 Omnes
1139 1948 1236 2019 itaque
1255 1950 1366 2006 omnino
1389 1949 1496 2006 iudices
1516 1955 1582 2006 tuae
1600 1968 1732 2006 censurae
1751 1951 1813 2007 sub·

368 2032 443 2090 ditos
466 2034 640 2099 admonebis,
664 2053 697 2091 ne
719 2034 782 2103 quia
802 2035 814 2106 s
829 2034 961 2091 aestimet
978 2034 1073 2091 curiae
1096 2035 1158 2091 loco
1182 2034 1317 2107 supplicii
1335 2054 1505 2107 quemquam
1552 2020 1687 2124 isaurum
1705 2054 1774 2092 1vsr.

1558 2110 1815 2120 *⁴*—

367 2121 568 2191 deputandum,
582 2138 645 2175 cum
661 2119 760 2189 utique
779 2138 1002 2190 unumquemque
1021 2121 1198 2176 criminosum
1216 2139 1269 2176 non
1289 2121 1415 2193 dignitas
1432 2123 1543 2188 debeat,
1556 2123 1605 2179 sed
1623 2141 1714 2194 poena
1732 2123 1816 2179 comi·

367 2205 431 2261 tari.
466 2223 529 2262 uss.
548 2222 599 2260 vm
616 2223 653 2260 nr.
672 2223 736 2260 nov.
753 2208 1043 2277 coneursumomu)
1060 2225 1217 2263 mosoma
1233 2225 1267 2263 rr
1284 2225 1423 2263 cussaouo
1442 2225 1531 2263 corsa

459 2381 487 2432 V.
507 2379 809 2445 -1vs‘r.10‚3·2‚33.

368 2502 383 2555 1
402 2505 488 2556 curiae
502 2511 563 2569 port
578 2501 596 2554 2
612 2504 790 2557 aestimatione
804 2504 867 2556 Iurt.
912 2503 928 2556 2
946 2501 1062 2572 dedatur]
1122 2501 1218 2555 VIurt
1232 2501 1300 2568 (KI)

366 2573 440 2640 lust„
453 2572 575 2625 edaturV
619 2568 764 2641 defugiens]
779 2572 842 2626 Iura
854 2573 869 2637 (
870 2573 911 2639 0),
924 2575 1062 2642 diffugiens

263 2726 607 2850 mmfflmffi

454 2900 521 2938 mna
539 2900 605 2937 aas.
624 2881 932 2949 crsns1or(smnuro)
954 2878 1137 2948 dumento.
1172 2880 1233 2935 Nec
1252 2880 1314 2953 cogi
1336 2882 1374 2937 ad
1397 2881 1610 2954 agonotbesiam
1629 2883 1758 2938 volumus
1776 2881 1815 2937 iu·

369 2968 445 3025 vitos
461 2972 492 3025 et
509 2969 545 3024 ad
563 2986 628 3025 eum
645 2971 752 3023 statum
769 2973 872 3024 cuncta
889 2967 1034 3023 referenda
1052 2970 1130 3032 sunt,
1149 2966 1178 3021 in
1196 2985 1252 3036 quo
1270 2967 1458 3025 inveniuntur.
1493 2970 1587 3038 Atque
1605 2969 1668 3025 ideo
1686 2968 1814 3033 curiales,

367 3056 416 3127 qui
434 3056 564 3113 universa
582 3054 767 3126 persolverint
785 3053 912 3123 nihilque
930 3053 989 3109 iam
1007 3054 1052 3109 vel
1075 3071 1110 3110 ex
1131 3053 1284 3109 honoribus
1306 3053 1446 3125 reliquum
1463 3055 1602 3121 habeant,
1621 3055 1697 3125 qnod
1714 3055 1815 3111 debere

368 3141 524 3208 rideantur,
542 3143 690 3197 dumtaxat
708 3139 792 3195 huius
810 3157 844 3195 sc
856 3139 995 3194 similium
1006 3157 1057 3211 pro
1070 3139 1212 3209 qualitate
1224 3139 1334 3213 generis
1345 3141 1528 3207 functionum,
1541 3145 1691 3212 postquam
1704 3141 1815 3213 patriae

368 3233 470 3285 cuncta
488 3228 660 3285 reddiderint
684 3245 757 3297 quae
780 3226 896 3298 publica
918 3226 1011 3296 poscit
1032 3225 1158 3292 utilitas,
1177 3228 1232 3283 etsi
1249 3232 1430 3298 praesentare
1452 3228 1571 3285 forsitan
1589 3230 1701 3295 nolunt,
1720 3233 1815 3285 tamen

367 3319 483 3387 propter
501 3332 680 3386 personarum
698 3313 890 3369 condicionem
902 3318 1046 3383 praestare
1065 3313 1183 3384 cogendi
1202 3319 1274 3379 sunt,
1294 3317 1326 3369 ut
1339 3331 1470 3370 concessa
1481 3313 1536 3370 sibi
1548 3314 1718 3386 generaliter
1729 3319 1816 3384 atque

366 3414 397 3467 in
415 3407 583 3474 perpetuum
605 3419 639 3457 ex
662 3400 813 3456 comitibus
836 3400 979 3472 dignitate
1002 3401 1157 3467 laetantur,
1180 3402 1306 3456 osculum
1327 3419 1437 3471 quoque
1460 3400 1506 3456 hie
1529 3400 1559 3455 in
1581 3400 1727 3471 provincia
1745 3400 1817 3455 iudi·

366 3494 480 3545 cantum
499 3493 528 3544 et
547 3505 689 3543 consessus
707 3487 833 3542 indultus
850 3486 897 3540 sit.
934 3504 996 3541 our.
1016 3505 1046 3542 v1
1064 3505 1127 3543 m.
1145 3505 1206 3542 usu.
1225 3489 1364 3558 eudemo)
1381 3507 1408 3544 u.
1427 3505 1488 3543 11⁹1·
1505 3504 1631 3543 ssvrous
1649 3504 1737 3542 conss.

462 3664 486 3715 V

365 3781 574 3854 bpraeseutare]
593 3785 735 3852 praesidere
755 3781 834 3835 Seeck
902 3783 1027 3851 tipoptar
1044 3782 1084 3833 V·
1135 3779 1176 3849 ut]
1196 3783 1381 3850 Gotlsosredaq
1400 3783 1465 3836 etV

263 4008 456 4080 ‚1,110(385
475 4007 541 4063 Mai.
553 4009 605 4078 28).

452 4130 520 4168 mn
537 4130 604 4167 sss.
623 4129 661 4167 su
678 4128 834 4167 sacramus
851 4113 1048 4182 msam)
1064 4113 1247 4180 r(nsr1os1)o.
1283 4110 1432 4167 Universos
1454 4109 1611 4181 municipes
1634 4108 1749 4165 sibimet
1767 4110 1812 4165 de·

367 4200 442 4257 bitus
469 4199 535 4256 ordo
561 4202 632 4269 aput
658 4198 802 4269 proprium
831 4201 943 4269 repetat
971 4197 1154 4270 cognitorem,
1178 4197 1202 4251 si
1224 4198 1337 4267 quidem
1355 4198 1464 4252 nullum
1486 4196 1577 4267 magis
1595 4195 1812 4265 uniuscuiusque

366 4286 458 4342 sorum
484 4290 636 4357 conpotem
665 4285 771 4355 poterit
797 4284 938 4356 appellari
966 4302 1052 4356 quam
1077 4284 1198 4355 patriae.
1245 4284 1274 4338 si
1300 4284 1364 4354 quis
1391 4287 1485 4339 tamen
1512 4281 1686 4353 provinciam
1711 4281 1815 4338 rexerit

368 4372 496 4437 curialis,
520 4372 630 4427 aditum
653 4372 708 4427 sibi
732 4371 914 4428 interclusum
935 4371 1092 4428 senatoriae
1116 4370 1265 4442 dignitatis
1287 4370 1450 4441 intellegat,
1469 4368 1524 4423 nisi
1547 4368 1658 4439 patriae
1675 4367 1812 4438 quidquid

367 4460 453 4515 debet
470 4463 535 4514 ante
561 4458 727 4513 dissolverit.
772 4459 808 4512 Et
835 4475 870 4513 ne
897 4459 1026 4514 conludio
1052 4459 1124 4512 forte
1153 4456 1326 4527 municipum
1353 4473 1425 4524 quae
1454 4460 1519 4511 sunt
1540 4454 1617 4510 iussa
1639 4456 1814 4521 frustrentur,

367 4544 459 4600 sciant
476 4543 649 4614 singularum
668 4543 777 4598 ordines
795 4543 945 4600 civitatum
964 4544 1042 4597 XXX
1060 4543 1149 4597 libras
1166 4542 1228 4597 auri
1247 4561 1276 4598 se
1294 4559 1353 4597 esse
1371 4541 1539 4606 multandos,
1557 4542 1611 4600 nisi
1624 4543 1661 4597 ad
1671 4560 1815 4611 reposcen-

368 4630 418 4686 dos
440 4630 567 4701 proprios
589 4629 693 4684 sedulis
715 4630 872 4686 institerint
894 4630 1034 4699 querellis.
1070 4647 1133 4684 nur.
1152 4647 1170 4684 v
1188 4646 1252 4683 nu.
1271 4646 1329 4683 1vu.
1352 4628 1690 4697 m(10ua1v0)saolan1o)
1709 4647 1735 4683 s.
1754 4645 1766 4683 1
1783 4646 1816 4683 su

367 4734 496 4772 suvrana
512 4733 602 4771 coum.

461 4892 485 4943 V

366 5012 381 5064 l
401 5013 562 5065 neotherium
577 5010 601 5062 V
667 5011 684 5064 5
703 5014 845 5064 frustantur
861 5009 887 5062 7
951 5008 967 5061 7
986 5011 1125 5078 quaerellia
1140 5009 1164 5062 V

263 5215 610 5286 ,1,111386Ar.30.

397 5218 408 5285 i
454 5219 605 5375 murinus).
624 5339 740 5376 cursuro
759 5323 1133 5390 r(susracro)r(arrron1)0.
1169 5319 1260 5374 Nemo
1284 5335 1395 5389 prorsus
1418 5316 1566 5373 curialium
1584 5316 1739 5372 substituto
1758 5315 1816 5371 filio

368 5406 414 5462 vel
437 5407 566 5476 quolibet
588 5407 645 5462 alio
666 5408 878 5463 deserendorum
902 5426 1046 5464 munerum
1071 5404 1181 5477 patriae
1210 5404 1317 5460 habeat
1341 5404 1520 5469 facultatem,
1544 5403 1594 5459 sed
1616 5403 1814 5472 unusquisque,

367 5493 418 5564 qui
440 5494 540 5551 relicto
561 5495 590 5550 in
613 5495 711 5564 aliqua
734 5494 852 5551 civitate
877 5496 921 5552 vel
945 5494 1003 5549 filio
1022 5495 1066 5549 vel
1085 5492 1191 5548 vicario
1210 5492 1300 5548 ordini
1325 5509 1354 5548 sc
1372 5490 1495 5562 inplicat
1512 5489 1661 5557 senatorio,
1680 5494 1740 5546 tam
1759 5489 1817 5544 suis

472 5580 574 5636 Tenon.
594 5582 614 5635 Ι.
1575 5579 1611 5634 44
