<?xml version="1.0" encoding="UTF-8"?>
<!DOCTYPE html PUBLIC "-//W3C//DTD XHTML 1.0 Transitional//EN"
    "http://www.w3.org/TR/xhtml1/DTD/xhtml1-transitional.dtd">
<html xmlns="http://www.w3.org/1999/xhtml" xml:lang="en" lang="en">
 <head>
  <title>
</title>
<meta http-equiv="Content-Type" content="text/html;charset=utf-8" />
  <meta name='ocr-system' content='tesseract 3.04.00' />
  <meta name='ocr-capabilities' content='ocr_page ocr_carea ocr_par ocr_line ocrx_word'/>
</head>
<body>
  <div class='ocr_page' id='page_1' title='image "./theodosianilibr01sirmgoog_0639.png"; bbox 0 0 4800 6400; ppageno 0'>
   <div class='ocr_carea' id='block_1_1' title="bbox 515 692 2050 760">
    <p class='ocr_par' dir='ltr' id='par_1_1' title="bbox 515 692 2050 760">
     <span class='ocr_line' id='line_1_1' title="bbox 515 692 2050 760; baseline -0.004 -7"><span class='ocrx_word' id='word_1_1' title='bbox 515 695 565 760; x_wconf 85' lang='lat' dir='ltr'><strong>XI</strong></span> <span class='ocrx_word' id='word_1_2' title='bbox 588 697 628 759; x_wconf 84' lang='lat'><strong>30</strong></span> <span class='ocrx_word' id='word_1_3' title='bbox 652 696 779 759; x_wconf 77' lang='lat'>29-32</span> <span class='ocrx_word' id='word_1_4' title='bbox 1204 696 1267 758; x_wconf 78' lang='lat'><strong>632</strong></span> <span class='ocrx_word' id='word_1_5' title='bbox 1338 695 1385 746; x_wconf 76' lang='lat' dir='ltr'><strong>DE</strong></span> <span class='ocrx_word' id='word_1_6' title='bbox 1401 692 1722 747; x_wconf 64' lang='lat' dir='ltr'><strong>ffeumssonmva</strong></span> <span class='ocrx_word' id='word_1_7' title='bbox 1739 694 1791 747; x_wconf 75' lang='grc' dir='ltr'><strong>ΕΤ</strong></span> <span class='ocrx_word' id='word_1_8' title='bbox 1806 694 1934 748; x_wconf 76' lang='lat' dir='ltr'><strong>manle</strong></span> <span class='ocrx_word' id='word_1_9' title='bbox 1948 694 2050 747; x_wconf 72' lang='lat' dir='ltr'><strong>alm</strong></span> 
     </span>
    </p>
   </div>
   <div class='ocr_carea' id='block_1_2' title="bbox 513 861 2009 1265">
    <p class='ocr_par' dir='ltr' id='par_1_2' title="bbox 513 861 2009 1265">
     <span class='ocr_line' id='line_1_2' title="bbox 514 861 1967 935; baseline 0.001 -15"><span class='ocrx_word' id='word_1_10' title='bbox 514 867 658 935; x_wconf 90' lang='lat' dir='ltr'><strong>geruntur,</strong></span> <span class='ocrx_word' id='word_1_11' title='bbox 672 880 735 918; x_wconf 91' lang='lat' dir='ltr'><strong>cum</strong></span> <span class='ocrx_word' id='word_1_12' title='bbox 752 862 924 920; x_wconf 70' lang='lat' dir='ltr'><strong>refutatoriis</strong></span> <span class='ocrx_word' id='word_1_13' title='bbox 941 863 1071 934; x_wconf 87' lang='lat' dir='ltr'><strong>precibus</strong></span> <span class='ocrx_word' id='word_1_14' title='bbox 1089 882 1138 920; x_wconf 92' lang='lat' dir='ltr'><strong>seu</strong></span> <span class='ocrx_word' id='word_1_15' title='bbox 1155 862 1263 920; x_wconf 80' lang='lat' dir='ltr'>libellis</span> <span class='ocrx_word' id='word_1_16' title='bbox 1280 864 1318 919; x_wconf 89' lang='lat' dir='ltr'><strong>ad</strong></span> <span class='ocrx_word' id='word_1_17' title='bbox 1335 867 1459 920; x_wconf 89' lang='lat' dir='ltr'><strong>nostrum</strong></span> <span class='ocrx_word' id='word_1_18' title='bbox 1483 861 1648 918; x_wconf 86' lang='lat' dir='ltr'><strong>comitatum</strong></span> <span class='ocrx_word' id='word_1_19' title='bbox 1667 863 1834 929; x_wconf 77' lang='lat' dir='ltr'><strong>mittantur,</strong></span> <span class='ocrx_word' id='word_1_20' title='bbox 1851 866 1967 922; x_wconf 58' lang='lat' dir='ltr'><strong>sumno</strong></span> 
     </span>
     <span class='ocr_line' id='line_1_3' title="bbox 516 947 1966 1023; baseline 0.003 -21"><span class='ocrx_word' id='word_1_21' title='bbox 516 948 649 1005; x_wconf 89' lang='lat' dir='ltr'><strong>videlicet</strong></span> <span class='ocrx_word' id='word_1_22' title='bbox 667 947 781 1002; x_wconf 85' lang='lat' dir='ltr'><strong>officiali</strong></span> <span class='ocrx_word' id='word_1_23' title='bbox 803 966 837 1004; x_wconf 83' lang='lat' dir='ltr'><strong>ex</strong></span> <span class='ocrx_word' id='word_1_24' title='bbox 858 947 917 1012; x_wconf 91' lang='lat' dir='ltr'><strong>his,</strong></span> <span class='ocrx_word' id='word_1_25' title='bbox 935 948 983 1017; x_wconf 90' lang='lat' dir='ltr'><strong>qui</strong></span> <span class='ocrx_word' id='word_1_26' title='bbox 1002 949 1056 1004; x_wconf 92' lang='lat' dir='ltr'><strong>tibi</strong></span> <span class='ocrx_word' id='word_1_27' title='bbox 1073 954 1188 1020; x_wconf 86' lang='lat' dir='ltr'><strong>parent,</strong></span> <span class='ocrx_word' id='word_1_28' title='bbox 1214 949 1250 1004; x_wconf 89' lang='lat' dir='ltr'><strong>ad</strong></span> <span class='ocrx_word' id='word_1_29' title='bbox 1268 948 1342 1005; x_wconf 87' lang='lat' dir='ltr'><strong>hanc</strong></span> <span class='ocrx_word' id='word_1_30' title='bbox 1359 947 1580 1006; x_wconf 86' lang='lat' dir='ltr'><strong>sollicitudinem</strong></span> <span class='ocrx_word' id='word_1_31' title='bbox 1597 949 1704 1018; x_wconf 88' lang='lat' dir='ltr'><strong>eleeto,</strong></span> <span class='ocrx_word' id='word_1_32' title='bbox 1725 949 1772 1006; x_wconf 87' lang='lat' dir='ltr'><strong>ita</strong></span> <span class='ocrx_word' id='word_1_33' title='bbox 1789 953 1825 1006; x_wconf 89' lang='lat' dir='ltr'><strong>ut</strong></span> <span class='ocrx_word' id='word_1_34' title='bbox 1841 950 1966 1023; x_wconf 87' lang='lat' dir='ltr'><strong>publicis</strong></span> 
     </span>
     <span class='ocr_line' id='line_1_4' title="bbox 513 1033 1965 1107; baseline 0.004 -18"><span class='ocrx_word' id='word_1_35' title='bbox 513 1034 700 1090; x_wconf 81' lang='lat' dir='ltr'><strong>monumentis</strong></span> <span class='ocrx_word' id='word_1_36' title='bbox 712 1033 845 1090; x_wconf 84' lang='lat' dir='ltr'><strong>confectis</strong></span> <span class='ocrx_word' id='word_1_37' title='bbox 857 1034 923 1099; x_wconf 88' lang='lat' dir='ltr'><strong>dies,</strong></span> <span class='ocrx_word' id='word_1_38' title='bbox 936 1053 991 1104; x_wconf 90' lang='lat' dir='ltr'><strong>quo</strong></span> <span class='ocrx_word' id='word_1_39' title='bbox 1002 1035 1107 1107; x_wconf 88' lang='lat' dir='ltr'><strong>gerulis</strong></span> <span class='ocrx_word' id='word_1_40' title='bbox 1116 1039 1198 1107; x_wconf 89' lang='lat' dir='ltr'><strong>gesta</strong></span> <span class='ocrx_word' id='word_1_41' title='bbox 1217 1035 1373 1101; x_wconf 87' lang='lat' dir='ltr'><strong>tradantur,</strong></span> <span class='ocrx_word' id='word_1_42' title='bbox 1394 1035 1515 1092; x_wconf 86' lang='lat' dir='ltr'><strong>fideliter</strong></span> <span class='ocrx_word' id='word_1_43' title='bbox 1532 1034 1703 1106; x_wconf 75' lang='lat' dir='ltr'><strong>designetur.</strong></span> <span class='ocrx_word' id='word_1_44' title='bbox 1739 1037 1819 1093; x_wconf 80' lang='lat' dir='ltr'><strong>Nam</strong></span> <span class='ocrx_word' id='word_1_45' title='bbox 1836 1037 1865 1092; x_wconf 82' lang='lat' dir='ltr'>X</span> <span class='ocrx_word' id='word_1_46' title='bbox 1883 1037 1965 1095; x_wconf 73' lang='lat' dir='ltr'><strong>labra·</strong></span> 
     </span>
     <span class='ocr_line' id='line_1_5' title="bbox 515 1119 1965 1190; baseline 0.004 -15"><span class='ocrx_word' id='word_1_47' title='bbox 515 1140 575 1175; x_wconf 85' lang='lat' dir='ltr'><strong>rum</strong></span> <span class='ocrx_word' id='word_1_48' title='bbox 594 1119 655 1176; x_wconf 89' lang='lat' dir='ltr'><strong>auri</strong></span> <span class='ocrx_word' id='word_1_49' title='bbox 668 1119 774 1176; x_wconf 89' lang='lat' dir='ltr'><strong>multae</strong></span> <span class='ocrx_word' id='word_1_50' title='bbox 787 1120 972 1177; x_wconf 88' lang='lat' dir='ltr'><strong>constituetur</strong></span> <span class='ocrx_word' id='word_1_51' title='bbox 995 1121 1116 1177; x_wconf 89' lang='lat' dir='ltr'><strong>officium</strong></span> <span class='ocrx_word' id='word_1_52' title='bbox 1135 1121 1293 1186; x_wconf 86' lang='lat' dir='ltr'><strong>obnoxium,</strong></span> <span class='ocrx_word' id='word_1_53' title='bbox 1312 1121 1335 1175; x_wconf 88' lang='lat' dir='ltr'><strong>si</strong></span> <span class='ocrx_word' id='word_1_54' title='bbox 1353 1123 1464 1177; x_wconf 84' lang='lat' dir='ltr'><strong>statuta</strong></span> <span class='ocrx_word' id='word_1_55' title='bbox 1481 1124 1578 1177; x_wconf 84' lang='lat' dir='ltr'><strong>nostra</strong></span> <span class='ocrx_word' id='word_1_56' title='bbox 1595 1120 1693 1190; x_wconf 88' lang='lat' dir='ltr'><strong>aliqua</strong></span> <span class='ocrx_word' id='word_1_57' title='bbox 1709 1122 1821 1180; x_wconf 87' lang='lat' dir='ltr'><strong>fuerisrt</strong></span> <span class='ocrx_word' id='word_1_58' title='bbox 1838 1123 1965 1180; x_wconf 70' lang='lat' dir='ltr'><strong>diminu-</strong></span> 
     </span>
     <span class='ocr_line' id='line_1_6' title="bbox 515 1205 2009 1265; baseline 0.003 -5"><span class='ocrx_word' id='word_1_59' title='bbox 515 1206 622 1262; x_wconf 89' lang='lat' dir='ltr'><strong>latione</strong></span> <span class='ocrx_word' id='word_1_60' title='bbox 640 1205 755 1261; x_wconf 89' lang='lat' dir='ltr'><strong>violata.</strong></span> <span class='ocrx_word' id='word_1_61' title='bbox 791 1223 851 1261; x_wconf 86' lang='grc'>333.</span> <span class='ocrx_word' id='word_1_62' title='bbox 869 1224 889 1261; x_wconf 86' lang='lat' dir='ltr'>x</span> <span class='ocrx_word' id='word_1_63' title='bbox 906 1223 969 1262; x_wconf 77' lang='lat' dir='ltr'><strong>rsa</strong></span> <span class='ocrx_word' id='word_1_64' title='bbox 987 1224 1078 1263; x_wconf 77' lang='lat' dir='ltr'><strong>coroa</strong></span> <span class='ocrx_word' id='word_1_65' title='bbox 1097 1224 1265 1264; x_wconf 78' lang='grc'>3333333333</span> <span class='ocrx_word' id='word_1_66' title='bbox 1283 1225 1444 1264; x_wconf 66' lang='lat' dir='ltr'><strong>munna</strong></span> <span class='ocrx_word' id='word_1_67' title='bbox 1462 1225 1494 1264; x_wconf 75' lang='grc'><strong>33</strong></span> <span class='ocrx_word' id='word_1_68' title='bbox 1512 1225 1630 1263; x_wconf 77' lang='lat' dir='ltr'><strong>assim</strong></span> <span class='ocrx_word' id='word_1_69' title='bbox 1647 1226 1739 1265; x_wconf 78' lang='grc'>333333.</span> <span class='ocrx_word' id='word_1_70' title='bbox 1996 1223 2009 1264; x_wconf 85' lang='lat' dir='ltr'><strong>s</strong></span> 
     </span>
    </p>
   </div>
   <div class='ocr_carea' id='block_1_3' title="bbox 609 1348 633 1397">
    <p class='ocr_par' dir='ltr' id='par_1_3' title="bbox 609 1348 633 1397">
     <span class='ocr_line' id='line_1_7' title="bbox 609 1348 633 1397; baseline 0 0"><span class='ocrx_word' id='word_1_71' title='bbox 609 1348 633 1397; x_wconf 85' lang='lat' dir='ltr'><em>V</em></span> 
     </span>
    </p>
   </div>
   <div class='ocr_carea' id='block_1_4' title="bbox 1682 1457 1961 1468">
    <p class='ocr_par' dir='ltr' id='par_1_4' title="bbox 1682 1457 1961 1468">
     <span class='ocr_line' id='line_1_8' title="bbox 1682 1457 1961 1468; baseline 0.011 -3"><span class='ocrx_word' id='word_1_72' title='bbox 1682 1457 1961 1468; x_wconf 76' lang='lat' dir='ltr'><strong>——n———-—--—</strong></span> 
     </span>
    </p>
   </div>
   <div class='ocr_carea' id='block_1_5' title="bbox 363 1517 735 1587">
    <p class='ocr_par' dir='ltr' id='par_1_5' title="bbox 363 1517 735 1587">
     <span class='ocr_line' id='line_1_9' title="bbox 363 1517 735 1587; baseline -0.008 -13"><span class='ocrx_word' id='word_1_73' title='bbox 363 1518 411 1585; x_wconf 84' lang='grc'><strong>33,</strong></span> <span class='ocrx_word' id='word_1_74' title='bbox 423 1518 464 1584; x_wconf 85' lang='lat' dir='ltr'><strong>so,</strong></span> <span class='ocrx_word' id='word_1_75' title='bbox 477 1519 511 1573; x_wconf 88' lang='grc' dir='ltr'><strong>3ο</strong></span> <span class='ocrx_word' id='word_1_76' title='bbox 528 1518 588 1587; x_wconf 83' lang='lat' dir='ltr'><strong>(esa</strong></span> <span class='ocrx_word' id='word_1_77' title='bbox 606 1518 669 1574; x_wconf 69' lang='lat' dir='ltr'><strong>nec.</strong></span> <span class='ocrx_word' id='word_1_78' title='bbox 684 1517 735 1586; x_wconf 79' lang='lat'>18).</span> 
     </span>
    </p>
   </div>
   <div class='ocr_carea' id='block_1_6' title="bbox 514 1626 2011 2715">
    <p class='ocr_par' dir='ltr' id='par_1_6' title="bbox 514 1626 2011 2715">
     <span class='ocr_line' id='line_1_10' title="bbox 601 1626 1965 1698; baseline 0.005 -21"><span class='ocrx_word' id='word_1_79' title='bbox 601 1640 667 1677; x_wconf 73' lang='lat' dir='ltr'><strong>mss</strong></span> <span class='ocrx_word' id='word_1_80' title='bbox 689 1641 715 1678; x_wconf 91' lang='grc'><strong>3.</strong></span> <span class='ocrx_word' id='word_1_81' title='bbox 739 1640 777 1677; x_wconf 85' lang='grc'><strong>33</strong></span> <span class='ocrx_word' id='word_1_82' title='bbox 799 1640 1001 1679; x_wconf 73' lang='grc'>3333333333</span> <span class='ocrx_word' id='word_1_83' title='bbox 1023 1626 1222 1693; x_wconf 56' lang='lat' dir='ltr'><strong>duumvir)</strong></span> <span class='ocrx_word' id='word_1_84' title='bbox 1251 1627 1433 1696; x_wconf 66' lang='lat' dir='ltr'><strong>plasmans.</strong></span> <span class='ocrx_word' id='word_1_85' title='bbox 1485 1626 1548 1691; x_wconf 81' lang='lat' dir='ltr'><strong>llis,</strong></span> <span class='ocrx_word' id='word_1_86' title='bbox 1576 1626 1626 1696; x_wconf 89' lang='lat' dir='ltr'><strong>qui</strong></span> <span class='ocrx_word' id='word_1_87' title='bbox 1648 1629 1777 1698; x_wconf 86' lang='lat' dir='ltr'><strong>tempore</strong></span> <span class='ocrx_word' id='word_1_88' title='bbox 1800 1626 1965 1698; x_wconf 80' lang='lat' dir='ltr'><strong>conpetenti</strong></span> 
     </span>
     <span class='ocr_line' id='line_1_11' title="bbox 516 1708 1287 1780; baseline 0.005 -17"><span class='ocrx_word' id='word_1_89' title='bbox 516 1727 570 1764; x_wconf 90' lang='lat' dir='ltr'><strong>non</strong></span> <span class='ocrx_word' id='word_1_90' title='bbox 588 1710 744 1780; x_wconf 87' lang='lat' dir='ltr'><strong>appellant,</strong></span> <span class='ocrx_word' id='word_1_91' title='bbox 763 1708 993 1780; x_wconf 75' lang='lat' dir='ltr'><strong>redintegrandae</strong></span> <span class='ocrx_word' id='word_1_92' title='bbox 1016 1709 1177 1767; x_wconf 77' lang='lat' dir='ltr'><strong>audientiae</strong></span> <span class='ocrx_word' id='word_1_93' title='bbox 1200 1712 1287 1767; x_wconf 89' lang='lat' dir='ltr'><strong>facul-</strong></span> 
     </span>
     <span class='ocr_line' id='line_1_12' title="bbox 515 1795 1683 1867; baseline 0.004 -17"><span class='ocrx_word' id='word_1_94' title='bbox 515 1800 559 1850; x_wconf 86' lang='lat' dir='ltr'><strong>tas</strong></span> <span class='ocrx_word' id='word_1_95' title='bbox 578 1796 738 1867; x_wconf 81' lang='lat' dir='ltr'><strong>denegetur.</strong></span> <span class='ocrx_word' id='word_1_96' title='bbox 774 1795 875 1850; x_wconf 87' lang='lat' dir='ltr'><strong>Omnes</strong></span> <span class='ocrx_word' id='word_1_97' title='bbox 898 1796 998 1867; x_wconf 89' lang='lat' dir='ltr'><strong>igitur,</strong></span> <span class='ocrx_word' id='word_1_98' title='bbox 1022 1795 1070 1866; x_wconf 92' lang='lat' dir='ltr'><strong>qui</strong></span> <span class='ocrx_word' id='word_1_99' title='bbox 1093 1801 1190 1851; x_wconf 86' lang='lat' dir='ltr'><strong>contra</strong></span> <span class='ocrx_word' id='word_1_100' title='bbox 1209 1815 1287 1867; x_wconf 89' lang='lat' dir='ltr'><strong>prae·</strong></span> <span class='ocrx_word' id='word_1_101' title='bbox 1614 1817 1683 1855; x_wconf 83' lang='lat' dir='ltr'><strong>rvar.</strong></span> 
     </span>
     <span class='ocr_line' id='line_1_13' title="bbox 515 1882 1963 1956; baseline 0.004 -21"><span class='ocrx_word' id='word_1_102' title='bbox 515 1882 603 1937; x_wconf 78' lang='lat' dir='ltr'><strong>fectus</strong></span> <span class='ocrx_word' id='word_1_103' title='bbox 615 1882 678 1937; x_wconf 92' lang='lat' dir='ltr'><strong>urbi</strong></span> <span class='ocrx_word' id='word_1_104' title='bbox 696 1883 710 1953; x_wconf 77' lang='grc' dir='ltr'>Γ</span> <span class='ocrx_word' id='word_1_105' title='bbox 722 1900 770 1938; x_wconf 90' lang='lat' dir='ltr'><strong>seu</strong></span> <span class='ocrx_word' id='word_1_106' title='bbox 783 1883 962 1953; x_wconf 80' lang='lat' dir='ltr'><strong>proconsules</strong></span> <span class='ocrx_word' id='word_1_107' title='bbox 975 1901 1024 1939; x_wconf 89' lang='lat' dir='ltr'><strong>seu</strong></span> <span class='ocrx_word' id='word_1_108' title='bbox 1036 1882 1153 1939; x_wconf 87' lang='lat' dir='ltr'><strong>comites</strong></span> <span class='ocrx_word' id='word_1_109' title='bbox 1163 1883 1287 1939; x_wconf 84' lang='lat' dir='ltr'><strong>Orientis</strong></span> <span class='ocrx_word' id='word_1_110' title='bbox 1356 1884 1518 1956; x_wconf 73' lang='grc' dir='ltr'>[3333ςί3333</span> <span class='ocrx_word' id='word_1_111' title='bbox 1535 1889 1689 1950; x_wconf 86' lang='lat' dir='ltr'><strong>officiorum,</strong></span> <span class='ocrx_word' id='word_1_112' title='bbox 1700 1889 1841 1956; x_wconf 82' lang='lat' dir='ltr'><strong>magistros</strong></span> <span class='ocrx_word' id='word_1_113' title='bbox 1853 1890 1963 1941; x_wconf 70' lang='lat' dir='ltr'><strong>militum</strong></span> 
     </span>
     <span class='ocr_line' id='line_1_14' title="bbox 515 1967 2010 2042; baseline 0 -19"><span class='ocrx_word' id='word_1_114' title='bbox 515 1985 564 2024; x_wconf 82' lang='lat' dir='ltr'><strong>seu</strong></span> <span class='ocrx_word' id='word_1_115' title='bbox 582 1967 702 2024; x_wconf 85' lang='lat' dir='ltr'><strong>vicarios</strong></span> <span class='ocrx_word' id='word_1_116' title='bbox 719 1968 796 2038; x_wconf 72' lang='lat' dir='ltr'><strong>[sub</strong></span> <span class='ocrx_word' id='word_1_117' title='bbox 815 1968 910 2039; x_wconf 83' lang='lat' dir='ltr'><strong>specio</strong></span> <span class='ocrx_word' id='word_1_118' title='bbox 933 1968 1089 2024; x_wconf 79' lang='lat' dir='ltr'><strong>formidinis</strong></span> <span class='ocrx_word' id='word_1_119' title='bbox 1114 1969 1287 2040; x_wconf 86' lang='lat' dir='ltr'><strong>provocatio·</strong></span> <span class='ocrx_word' id='word_1_120' title='bbox 1357 1970 1431 2041; x_wconf 72' lang='lat' dir='ltr'><strong>[seu</strong></span> <span class='ocrx_word' id='word_1_121' title='bbox 1448 1977 1592 2042; x_wconf 74' lang='lat' dir='ltr'><strong>praefectos</strong></span> <span class='ocrx_word' id='word_1_122' title='bbox 1604 1974 1762 2042; x_wconf 70' lang='lat' dir='ltr'><strong>Augustales</strong></span> <span class='ocrx_word' id='word_1_123' title='bbox 1774 1975 1818 2027; x_wconf 80' lang='lat' dir='ltr'><strong>sul</strong></span> <span class='ocrx_word' id='word_1_124' title='bbox 1829 1975 1914 2027; x_wconf 84' lang='lat' dir='ltr'><strong>aliurn</strong></span> <span class='ocrx_word' id='word_1_125' title='bbox 1929 1977 1967 2027; x_wconf 90' lang='lat' dir='ltr'><strong>lu·</strong></span> <span class='ocrx_word' id='word_1_126' title='bbox 1998 1983 2010 2023; x_wconf 76' lang='lat' dir='ltr'><strong>s</strong></span> 
     </span>
     <span class='ocr_line' id='line_1_15' title="bbox 515 2045 1966 2125; baseline 0.004 -17"><span class='ocrx_word' id='word_1_127' title='bbox 515 2073 577 2109; x_wconf 92' lang='lat' dir='ltr'><strong>nem</strong></span> <span class='ocrx_word' id='word_1_128' title='bbox 606 2072 660 2110; x_wconf 93' lang='lat' dir='ltr'><strong>non</strong></span> <span class='ocrx_word' id='word_1_129' title='bbox 690 2053 864 2111; x_wconf 85' lang='lat' dir='ltr'><strong>arbitrantur</strong></span> <span class='ocrx_word' id='word_1_130' title='bbox 894 2053 1140 2125; x_wconf 84' lang='lat' dir='ltr'><strong>interponendam,</strong></span> <span class='ocrx_word' id='word_1_131' title='bbox 1158 2073 1176 2110; x_wconf 87' lang='lat' dir='ltr'><strong>a</strong></span> <span class='ocrx_word' id='word_1_132' title='bbox 1196 2057 1287 2112; x_wconf 64' lang='lat' dir='ltr'><strong>‘rcno-</strong></span> <span class='ocrx_word' id='word_1_133' title='bbox 1359 2056 1534 2113; x_wconf 65' lang='lat' dir='ltr'><strong>*reuocanda*</strong></span> <span class='ocrx_word' id='word_1_134' title='bbox 1885 2045 1966 2097; x_wconf 57' lang='lat' dir='ltr'><strong>dim</strong></span> 
     </span>
     <span class='ocr_line' id='line_1_16' title="bbox 516 2140 1432 2213; baseline 0.002 -20"><span class='ocrx_word' id='word_1_135' title='bbox 516 2141 622 2196; x_wconf 67' lang='lat' dir='ltr'><strong>vanda⁴</strong></span> <span class='ocrx_word' id='word_1_136' title='bbox 638 2140 689 2196; x_wconf 90' lang='lat' dir='ltr'><strong>lite</strong></span> <span class='ocrx_word' id='word_1_137' title='bbox 702 2141 851 2211; x_wconf 88' lang='lat' dir='ltr'><strong>pellantur.</strong></span> <span class='ocrx_word' id='word_1_138' title='bbox 865 2144 876 2209; x_wconf 72' lang='lat' dir='ltr'><strong>lt</strong></span> <span class='ocrx_word' id='word_1_139' title='bbox 888 2140 978 2195; x_wconf 88' lang='lat' dir='ltr'><strong>Nobis</strong></span> <span class='ocrx_word' id='word_1_140' title='bbox 990 2140 1065 2196; x_wconf 90' lang='lat' dir='ltr'><strong>enim</strong></span> <span class='ocrx_word' id='word_1_141' title='bbox 1078 2141 1287 2198; x_wconf 87' lang='lat' dir='ltr'><strong>moderantibus</strong></span> <span class='ocrx_word' id='word_1_142' title='bbox 1352 2144 1363 2210; x_wconf 90' lang='grc' dir='ltr'><strong>ΙΙ</strong></span> <span class='ocrx_word' id='word_1_143' title='bbox 1369 2146 1432 2213; x_wconf 72' lang='lat' dir='ltr'><strong>finis</strong></span> 
     </span>
     <span class='ocr_line' id='line_1_17' title="bbox 514 2224 1288 2298; baseline 0.005 -18"><span class='ocrx_word' id='word_1_144' title='bbox 514 2243 573 2282; x_wconf 90' lang='lat' dir='ltr'><strong>rem</strong></span> <span class='ocrx_word' id='word_1_145' title='bbox 597 2226 740 2296; x_wconf 90' lang='lat' dir='ltr'><strong>publicam</strong></span> <span class='ocrx_word' id='word_1_146' title='bbox 767 2227 874 2282; x_wconf 91' lang='lat' dir='ltr'><strong>nullum</strong></span> <span class='ocrx_word' id='word_1_147' title='bbox 905 2224 1022 2282; x_wconf 87' lang='lat' dir='ltr'><strong>audebit</strong></span> <span class='ocrx_word' id='word_1_148' title='bbox 1043 2225 1127 2282; x_wconf 84' lang='lat' dir='ltr'><strong>iudex</strong></span> <span class='ocrx_word' id='word_1_149' title='bbox 1156 2246 1288 2298; x_wconf 89' lang='lat' dir='ltr'><strong>provoca·</strong></span> 
     </span>
     <span class='ocr_line' id='line_1_18' title="bbox 514 2310 1442 2385; baseline 0.001 -18"><span class='ocrx_word' id='word_1_150' title='bbox 514 2311 599 2367; x_wconf 87' lang='lat' dir='ltr'><strong>tionis</strong></span> <span class='ocrx_word' id='word_1_151' title='bbox 628 2313 787 2385; x_wconf 85' lang='lat' dir='ltr'><strong>perfugium</strong></span> <span class='ocrx_word' id='word_1_152' title='bbox 820 2310 997 2385; x_wconf 87' lang='lat' dir='ltr'><strong>iurgantibus</strong></span> <span class='ocrx_word' id='word_1_153' title='bbox 1023 2313 1170 2385; x_wconf 88' lang='lat' dir='ltr'><strong>denegare.</strong></span> <span class='ocrx_word' id='word_1_154' title='bbox 1193 2317 1205 2382; x_wconf 89' lang='grc' dir='ltr'><strong>ΙΙ</strong></span> <span class='ocrx_word' id='word_1_155' title='bbox 1235 2313 1289 2378; x_wconf 85' lang='lat' dir='ltr'><strong>Qui</strong></span> <span class='ocrx_word' id='word_1_156' title='bbox 1352 2317 1363 2382; x_wconf 83' lang='lat' dir='ltr'><strong>ll</strong></span> <span class='ocrx_word' id='word_1_157' title='bbox 1375 2319 1442 2370; x_wconf 75' lang='lat' dir='ltr'><strong>redit</strong></span> 
     </span>
     <span class='ocr_line' id='line_1_19' title="bbox 515 2399 2011 2475; baseline 0.003 -24"><span class='ocrx_word' id='word_1_158' title='bbox 515 2416 580 2455; x_wconf 87' lang='lat' dir='ltr'><strong>vero</strong></span> <span class='ocrx_word' id='word_1_159' title='bbox 599 2399 654 2454; x_wconf 84' lang='lat' dir='ltr'><strong>vim</strong></span> <span class='ocrx_word' id='word_1_160' title='bbox 672 2399 864 2464; x_wconf 86' lang='lat' dir='ltr'><strong>sustinuerint,</strong></span> <span class='ocrx_word' id='word_1_161' title='bbox 883 2402 1088 2457; x_wconf 86' lang='lat' dir='ltr'><strong>contestatione</strong></span> <span class='ocrx_word' id='word_1_162' title='bbox 1105 2400 1220 2472; x_wconf 88' lang='lat' dir='ltr'><strong>publice</strong></span> <span class='ocrx_word' id='word_1_163' title='bbox 1237 2401 1384 2472; x_wconf 86' lang='lat' dir='ltr'><strong>proposita</strong></span> <span class='ocrx_word' id='word_1_164' title='bbox 1407 2401 1483 2457; x_wconf 88' lang='lat' dir='ltr'><strong>intra</strong></span> <span class='ocrx_word' id='word_1_165' title='bbox 1500 2401 1560 2459; x_wconf 92' lang='lat' dir='ltr'><strong>dies</strong></span> <span class='ocrx_word' id='word_1_166' title='bbox 1578 2401 1712 2459; x_wconf 84' lang='lat' dir='ltr'><strong>videlicet</strong></span> <span class='ocrx_word' id='word_1_167' title='bbox 1729 2401 1890 2475; x_wconf 88' lang='lat' dir='ltr'><strong>legitimos,</strong></span> <span class='ocrx_word' id='word_1_168' title='bbox 1904 2402 1963 2475; x_wconf 89' lang='lat' dir='ltr'><strong>qui-</strong></span> <span class='ocrx_word' id='word_1_169' title='bbox 1989 2415 2011 2455; x_wconf 81' lang='lat' dir='ltr'><strong>ss</strong></span> 
     </span>
     <span class='ocr_line' id='line_1_20' title="bbox 516 2484 1965 2560; baseline 0.005 -22"><span class='ocrx_word' id='word_1_170' title='bbox 516 2484 567 2541; x_wconf 87' lang='lat' dir='ltr'><strong>bus</strong></span> <span class='ocrx_word' id='word_1_171' title='bbox 585 2485 731 2556; x_wconf 89' lang='lat' dir='ltr'><strong>appellare</strong></span> <span class='ocrx_word' id='word_1_172' title='bbox 750 2485 825 2552; x_wconf 89' lang='lat' dir='ltr'><strong>licet,</strong></span> <span class='ocrx_word' id='word_1_173' title='bbox 845 2503 943 2543; x_wconf 86' lang='lat' dir='ltr'><strong>causas</strong></span> <span class='ocrx_word' id='word_1_174' title='bbox 962 2484 1164 2557; x_wconf 84' lang='lat' dir='ltr'><strong>appellationis</strong></span> <span class='ocrx_word' id='word_1_175' title='bbox 1186 2485 1311 2542; x_wconf 83' lang='lat' dir='ltr'><strong>evidenti</strong></span> <span class='ocrx_word' id='word_1_176' title='bbox 1336 2486 1529 2544; x_wconf 87' lang='lat' dir='ltr'><strong>adfirmatione</strong></span> <span class='ocrx_word' id='word_1_177' title='bbox 1553 2486 1744 2560; x_wconf 86' lang='lat' dir='ltr'><strong>distinguant,</strong></span> <span class='ocrx_word' id='word_1_178' title='bbox 1762 2490 1796 2543; x_wconf 91' lang='lat' dir='ltr'><strong>ut</strong></span> <span class='ocrx_word' id='word_1_179' title='bbox 1814 2488 1871 2544; x_wconf 88' lang='lat' dir='ltr'><strong>hoc</strong></span> <span class='ocrx_word' id='word_1_180' title='bbox 1889 2489 1965 2545; x_wconf 62' lang='lat' dir='ltr'><strong>ficto</strong></span> 
     </span>
     <span class='ocr_line' id='line_1_21' title="bbox 514 2572 1966 2644; baseline 0.002 -18"><span class='ocrx_word' id='word_1_181' title='bbox 514 2574 659 2641; x_wconf 85' lang='lat' dir='ltr'><strong>tamquam</strong></span> <span class='ocrx_word' id='word_1_182' title='bbox 684 2572 852 2643; x_wconf 89' lang='lat' dir='ltr'><strong>interposita</strong></span> <span class='ocrx_word' id='word_1_183' title='bbox 879 2572 1073 2644; x_wconf 83' lang='lat' dir='ltr'><strong>appellatione</strong></span> <span class='ocrx_word' id='word_1_184' title='bbox 1100 2572 1188 2629; x_wconf 90' lang='lat' dir='ltr'><strong>isdem</strong></span> <span class='ocrx_word' id='word_1_185' title='bbox 1215 2572 1369 2642; x_wconf 87' lang='lat' dir='ltr'><strong>aequitatis</strong></span> <span class='ocrx_word' id='word_1_186' title='bbox 1397 2573 1569 2629; x_wconf 89' lang='lat' dir='ltr'><strong>adminicula</strong></span> <span class='ocrx_word' id='word_1_187' title='bbox 1590 2572 1759 2630; x_wconf 88' lang='lat' dir='ltr'><strong>tribuantur.</strong></span> <span class='ocrx_word' id='word_1_188' title='bbox 1808 2591 1911 2631; x_wconf 75' lang='lat' dir='ltr'><strong>ursas</strong></span> <span class='ocrx_word' id='word_1_189' title='bbox 1926 2591 1966 2632; x_wconf 81' lang='lat' dir='ltr'><strong>xv</strong></span> 
     </span>
     <span class='ocr_line' id='line_1_22' title="bbox 514 2673 1125 2715; baseline 0.002 -3"><span class='ocrx_word' id='word_1_190' title='bbox 514 2673 578 2713; x_wconf 79' lang='lat' dir='ltr'><strong>m.</strong></span> <span class='ocrx_word' id='word_1_191' title='bbox 596 2675 654 2713; x_wconf 80' lang='grc'>333.</span> <span class='ocrx_word' id='word_1_192' title='bbox 673 2676 833 2714; x_wconf 71' lang='lat' dir='ltr'><strong>summac</strong></span> <span class='ocrx_word' id='word_1_193' title='bbox 850 2677 884 2714; x_wconf 82' lang='grc'><strong>33</strong></span> <span class='ocrx_word' id='word_1_194' title='bbox 901 2677 1019 2715; x_wconf 77' lang='lat' dir='ltr'><strong>narnus</strong></span> <span class='ocrx_word' id='word_1_195' title='bbox 1036 2676 1125 2714; x_wconf 82' lang='lat' dir='ltr'><strong>conss.</strong></span> 
     </span>
    </p>
   </div>
   <div class='ocr_carea' id='block_1_7' title="bbox 518 2799 1583 2986">
    <p class='ocr_par' dir='ltr' id='par_1_7' title="bbox 518 2799 1583 2986">
     <span class='ocr_line' id='line_1_23' title="bbox 609 2799 918 2869; baseline 0.01 -20"><span class='ocrx_word' id='word_1_196' title='bbox 609 2801 636 2853; x_wconf 89' lang='lat' dir='ltr'><strong>V.</strong></span> <span class='ocrx_word' id='word_1_197' title='bbox 655 2799 918 2869; x_wconf 76' lang='lat' dir='ltr'><strong>-1vsu.7,67,2.</strong></span> 
     </span>
     <span class='ocr_line' id='line_1_24' title="bbox 518 2916 1583 2986; baseline -0.001 -14"><span class='ocrx_word' id='word_1_198' title='bbox 518 2919 552 2973; x_wconf 82' lang='grc'><strong>10</strong></span> <span class='ocrx_word' id='word_1_199' title='bbox 567 2922 746 2975; x_wconf 82' lang='lat' dir='ltr'><strong>sustinuerunt</strong></span> <span class='ocrx_word' id='word_1_200' title='bbox 759 2922 821 2973; x_wconf 81' lang='lat' dir='ltr'><strong>Iast.</strong></span> <span class='ocrx_word' id='word_1_201' title='bbox 898 2919 929 2973; x_wconf 77' lang='lat'><strong>12</strong></span> <span class='ocrx_word' id='word_1_202' title='bbox 948 2922 1045 2973; x_wconf 85' lang='lat' dir='ltr'><strong>hisdem</strong></span> <span class='ocrx_word' id='word_1_203' title='bbox 1061 2920 1086 2970; x_wconf 83' lang='lat' dir='ltr'><strong><em>V</em></strong></span> <span class='ocrx_word' id='word_1_204' title='bbox 1163 2918 1195 2973; x_wconf 87' lang='grc'><strong>13</strong></span> <span class='ocrx_word' id='word_1_205' title='bbox 1213 2916 1273 2986; x_wconf 82' lang='lat' dir='ltr'><strong>iau]</strong></span> <span class='ocrx_word' id='word_1_206' title='bbox 1293 2920 1337 2972; x_wconf 90' lang='lat' dir='ltr'><strong>iul.</strong></span> <span class='ocrx_word' id='word_1_207' title='bbox 1352 2920 1416 2971; x_wconf 82' lang='lat' dir='ltr'><strong>last.</strong></span> <span class='ocrx_word' id='word_1_208' title='bbox 1435 2917 1511 2984; x_wconf 83' lang='lat' dir='ltr'><strong>(Ver.</strong></span> <span class='ocrx_word' id='word_1_209' title='bbox 1524 2919 1583 2982; x_wconf 84' lang='lat' dir='ltr'><strong>PL)</strong></span> 
     </span>
    </p>
   </div>
   <div class='ocr_carea' id='block_1_8' title="bbox 360 3085 761 3160">
    <p class='ocr_par' dir='ltr' id='par_1_8' title="bbox 360 3085 761 3160">
     <span class='ocr_line' id='line_1_25' title="bbox 360 3085 761 3160; baseline 0.015 -19"><span class='ocrx_word' id='word_1_210' title='bbox 360 3086 409 3152; x_wconf 84' lang='lat' dir='ltr'><strong>xr,</strong></span> <span class='ocrx_word' id='word_1_211' title='bbox 422 3085 466 3152; x_wconf 86' lang='grc'><strong>33,</strong></span> <span class='ocrx_word' id='word_1_212' title='bbox 480 3085 512 3141; x_wconf 83' lang='lat' dir='ltr'><strong>sl</strong></span> <span class='ocrx_word' id='word_1_213' title='bbox 533 3090 595 3159; x_wconf 87' lang='grc'>(333</span> <span class='ocrx_word' id='word_1_214' title='bbox 612 3092 694 3146; x_wconf 71' lang='lat' dir='ltr'><strong>naa.</strong></span> <span class='ocrx_word' id='word_1_215' title='bbox 707 3092 761 3160; x_wconf 87' lang='grc'>33).</span> 
     </span>
    </p>
   </div>
   <div class='ocr_carea' id='block_1_9' title="bbox 514 3193 2016 4117">
    <p class='ocr_par' dir='ltr' id='par_1_9' title="bbox 514 3193 2016 4117">
     <span class='ocr_line' id='line_1_26' title="bbox 603 3193 1967 3267; baseline 0.002 -17"><span class='ocrx_word' id='word_1_216' title='bbox 603 3213 670 3250; x_wconf 73' lang='lat' dir='ltr'><strong>mss</strong></span> <span class='ocrx_word' id='word_1_217' title='bbox 693 3215 720 3251; x_wconf 83' lang='grc'><strong>3.</strong></span> <span class='ocrx_word' id='word_1_218' title='bbox 739 3215 777 3251; x_wconf 90' lang='grc'><strong>33</strong></span> <span class='ocrx_word' id='word_1_219' title='bbox 800 3214 982 3252; x_wconf 73' lang='lat' dir='ltr'><strong>nummus</strong></span> <span class='ocrx_word' id='word_1_220' title='bbox 1006 3197 1201 3267; x_wconf 62' lang='lat' dir='ltr'><strong>rtssmsorvss)</strong></span> <span class='ocrx_word' id='word_1_221' title='bbox 1225 3196 1403 3265; x_wconf 76' lang='lat' dir='ltr'><strong>r(srnron1)0.</strong></span> <span class='ocrx_word' id='word_1_222' title='bbox 1444 3193 1581 3258; x_wconf 84' lang='lat' dir='ltr'><strong>Quoniam</strong></span> <span class='ocrx_word' id='word_1_223' title='bbox 1604 3193 1733 3265; x_wconf 85' lang='lat' dir='ltr'><strong>plerique</strong></span> <span class='ocrx_word' id='word_1_224' title='bbox 1750 3197 1875 3252; x_wconf 88' lang='lat' dir='ltr'><strong>rectores</strong></span> <span class='ocrx_word' id='word_1_225' title='bbox 1896 3197 1967 3254; x_wconf 88' lang='lat' dir='ltr'><strong>rela-</strong></span> 
     </span>
     <span class='ocr_line' id='line_1_27' title="bbox 517 3280 1967 3354; baseline 0.001 -16"><span class='ocrx_word' id='word_1_226' title='bbox 517 3281 618 3347; x_wconf 88' lang='lat' dir='ltr'><strong>tiones,</strong></span> <span class='ocrx_word' id='word_1_227' title='bbox 641 3301 711 3352; x_wconf 88' lang='lat' dir='ltr'><strong>quas</strong></span> <span class='ocrx_word' id='word_1_228' title='bbox 734 3284 770 3338; x_wconf 90' lang='lat' dir='ltr'><strong>ad</strong></span> <span class='ocrx_word' id='word_1_229' title='bbox 795 3287 906 3340; x_wconf 87' lang='lat' dir='ltr'><strong>nostrae</strong></span> <span class='ocrx_word' id='word_1_230' title='bbox 929 3283 1147 3353; x_wconf 85' lang='lat' dir='ltr'><strong>tranquillitatis</strong></span> <span class='ocrx_word' id='word_1_231' title='bbox 1170 3282 1335 3339; x_wconf 88' lang='lat' dir='ltr'><strong>comitatum</strong></span> <span class='ocrx_word' id='word_1_232' title='bbox 1358 3281 1498 3339; x_wconf 89' lang='lat' dir='ltr'><strong>destinare</strong></span> <span class='ocrx_word' id='word_1_233' title='bbox 1522 3282 1706 3354; x_wconf 90' lang='lat' dir='ltr'><strong>promittunt,</strong></span> <span class='ocrx_word' id='word_1_234' title='bbox 1724 3280 1902 3352; x_wconf 87' lang='lat' dir='ltr'><strong>supprimere</strong></span> <span class='ocrx_word' id='word_1_235' title='bbox 1921 3284 1967 3342; x_wconf 83' lang='lat' dir='ltr'><strong>vel</strong></span> 
     </span>
     <span class='ocr_line' id='line_1_28' title="bbox 515 3367 1968 3441; baseline 0.002 -18"><span class='ocrx_word' id='word_1_236' title='bbox 515 3368 625 3425; x_wconf 84' lang='lat' dir='ltr'><strong>differre</strong></span> <span class='ocrx_word' id='word_1_237' title='bbox 642 3373 786 3435; x_wconf 89' lang='lat' dir='ltr'><strong>conantur,</strong></span> <span class='ocrx_word' id='word_1_238' title='bbox 805 3388 894 3441; x_wconf 82' lang='lat' dir='ltr'><strong>prava</strong></span> <span class='ocrx_word' id='word_1_239' title='bbox 911 3371 940 3425; x_wconf 89' lang='lat' dir='ltr'><strong>id</strong></span> <span class='ocrx_word' id='word_1_240' title='bbox 958 3370 1129 3428; x_wconf 88' lang='lat' dir='ltr'><strong>conscientia</strong></span> <span class='ocrx_word' id='word_1_241' title='bbox 1146 3369 1268 3425; x_wconf 88' lang='lat' dir='ltr'><strong>faciente</strong></span> <span class='ocrx_word' id='word_1_242' title='bbox 1292 3367 1433 3424; x_wconf 88' lang='lat' dir='ltr'><strong>conveniri</strong></span> <span class='ocrx_word' id='word_1_243' title='bbox 1456 3386 1503 3425; x_wconf 89' lang='lat' dir='ltr'><strong>eos</strong></span> <span class='ocrx_word' id='word_1_244' title='bbox 1526 3370 1563 3424; x_wconf 87' lang='lat' dir='ltr'><strong>ab</strong></span> <span class='ocrx_word' id='word_1_245' title='bbox 1587 3367 1699 3425; x_wconf 87' lang='lat' dir='ltr'><strong>inlustri</strong></span> <span class='ocrx_word' id='word_1_246' title='bbox 1722 3367 1898 3425; x_wconf 89' lang='lat' dir='ltr'><strong>auctoritate</strong></span> <span class='ocrx_word' id='word_1_247' title='bbox 1915 3374 1968 3426; x_wconf 91' lang='lat' dir='ltr'><strong>tua</strong></span> 
     </span>
     <span class='ocr_line' id='line_1_29' title="bbox 515 3454 1967 3528; baseline 0.001 -17"><span class='ocrx_word' id='word_1_248' title='bbox 515 3454 711 3527; x_wconf 88' lang='lat' dir='ltr'><strong>praecipimus,</strong></span> <span class='ocrx_word' id='word_1_249' title='bbox 730 3461 763 3513; x_wconf 89' lang='lat' dir='ltr'><strong>ut</strong></span> <span class='ocrx_word' id='word_1_250' title='bbox 781 3456 949 3528; x_wconf 88' lang='lat' dir='ltr'><strong>intellegant</strong></span> <span class='ocrx_word' id='word_1_251' title='bbox 967 3457 1022 3513; x_wconf 92' lang='lat' dir='ltr'><strong>sibi</strong></span> <span class='ocrx_word' id='word_1_252' title='bbox 1040 3456 1153 3527; x_wconf 88' lang='lat' dir='ltr'><strong>quidem</strong></span> <span class='ocrx_word' id='word_1_253' title='bbox 1171 3456 1305 3512; x_wconf 88' lang='lat' dir='ltr'><strong>denarum</strong></span> <span class='ocrx_word' id='word_1_254' title='bbox 1322 3454 1457 3511; x_wconf 89' lang='lat' dir='ltr'><strong>librarum</strong></span> <span class='ocrx_word' id='word_1_255' title='bbox 1475 3455 1551 3523; x_wconf 90' lang='lat' dir='ltr'><strong>auri,</strong></span> <span class='ocrx_word' id='word_1_256' title='bbox 1570 3454 1669 3511; x_wconf 83' lang='lat' dir='ltr'><strong>officiis</strong></span> <span class='ocrx_word' id='word_1_257' title='bbox 1688 3472 1753 3511; x_wconf 88' lang='lat' dir='ltr'><strong>vero</strong></span> <span class='ocrx_word' id='word_1_258' title='bbox 1776 3454 1837 3509; x_wconf 90' lang='lat' dir='ltr'><strong>suis</strong></span> <span class='ocrx_word' id='word_1_259' title='bbox 1855 3454 1967 3513; x_wconf 81' lang='lat' dir='ltr'><strong>sisena-</strong></span> 
     </span>
     <span class='ocr_line' id='line_1_30' title="bbox 514 3540 2016 3613; baseline 0 -15"><span class='ocrx_word' id='word_1_260' title='bbox 514 3562 575 3598; x_wconf 90' lang='lat' dir='ltr'><strong>rum</strong></span> <span class='ocrx_word' id='word_1_261' title='bbox 593 3542 736 3600; x_wconf 87' lang='lat' dir='ltr'><strong>imminere</strong></span> <span class='ocrx_word' id='word_1_262' title='bbox 755 3542 1024 3608; x_wconf 86' lang='lat' dir='ltr'><strong>condemnationem,</strong></span> <span class='ocrx_word' id='word_1_263' title='bbox 1052 3542 1076 3597; x_wconf 92' lang='lat' dir='ltr'><strong>si</strong></span> <span class='ocrx_word' id='word_1_264' title='bbox 1103 3541 1241 3613; x_wconf 88' lang='lat' dir='ltr'><strong>promissa</strong></span> <span class='ocrx_word' id='word_1_265' title='bbox 1267 3541 1368 3598; x_wconf 92' lang='lat' dir='ltr'><strong>relatio</strong></span> <span class='ocrx_word' id='word_1_266' title='bbox 1394 3540 1469 3597; x_wconf 87' lang='lat' dir='ltr'><strong>intra</strong></span> <span class='ocrx_word' id='word_1_267' title='bbox 1493 3540 1613 3613; x_wconf 74' lang='lat' dir='ltr'><strong>triginta</strong></span> <span class='ocrx_word' id='word_1_268' title='bbox 1637 3540 1697 3597; x_wconf 89' lang='lat' dir='ltr'><strong>dies</strong></span> <span class='ocrx_word' id='word_1_269' title='bbox 1718 3558 1774 3596; x_wconf 90' lang='lat' dir='ltr'><strong>uon</strong></span> <span class='ocrx_word' id='word_1_270' title='bbox 1795 3540 1885 3597; x_wconf 91' lang='lat' dir='ltr'><strong>fuerit</strong></span> <span class='ocrx_word' id='word_1_271' title='bbox 1903 3541 1964 3598; x_wconf 87' lang='lat' dir='ltr'><strong>sine</strong></span> <span class='ocrx_word' id='word_1_272' title='bbox 2004 3551 2016 3591; x_wconf 65' lang='grc' dir='ltr'><strong>δ</strong></span> 
     </span>
     <span class='ocr_line' id='line_1_31' title="bbox 515 3626 1968 3701; baseline -0.001 -17"><span class='ocrx_word' id='word_1_273' title='bbox 515 3628 613 3699; x_wconf 88' lang='lat' dir='ltr'><strong>aliqua</strong></span> <span class='ocrx_word' id='word_1_274' title='bbox 634 3629 822 3701; x_wconf 87' lang='lat' dir='ltr'><strong>ambiguitate</strong></span> <span class='ocrx_word' id='word_1_275' title='bbox 845 3629 1008 3687; x_wconf 89' lang='lat' dir='ltr'><strong>transmissa</strong></span> <span class='ocrx_word' id='word_1_276' title='bbox 1030 3629 1075 3687; x_wconf 90' lang='lat' dir='ltr'><strong>his</strong></span> <span class='ocrx_word' id='word_1_277' title='bbox 1097 3627 1278 3692; x_wconf 87' lang='lat' dir='ltr'><strong>officialibus,</strong></span> <span class='ocrx_word' id='word_1_278' title='bbox 1302 3646 1353 3698; x_wconf 90' lang='lat' dir='ltr'><strong>per</strong></span> <span class='ocrx_word' id='word_1_279' title='bbox 1375 3644 1444 3697; x_wconf 91' lang='lat' dir='ltr'><strong>quos</strong></span> <span class='ocrx_word' id='word_1_280' title='bbox 1467 3626 1599 3683; x_wconf 87' lang='lat' dir='ltr'><strong>convenit</strong></span> <span class='ocrx_word' id='word_1_281' title='bbox 1622 3632 1705 3700; x_wconf 89' lang='lat' dir='ltr'><strong>gesta</strong></span> <span class='ocrx_word' id='word_1_282' title='bbox 1727 3626 1894 3683; x_wconf 87' lang='lat' dir='ltr'><strong>transmitti.</strong></span> <span class='ocrx_word' id='word_1_283' title='bbox 1931 3628 1968 3683; x_wconf 82' lang='lat' dir='ltr'><strong>lit</strong></span> 
     </span>
     <span class='ocr_line' id='line_1_32' title="bbox 515 3711 1964 3786; baseline 0.001 -17"><span class='ocrx_word' id='word_1_284' title='bbox 515 3715 583 3784; x_wconf 91' lang='lat' dir='ltr'><strong>quia</strong></span> <span class='ocrx_word' id='word_1_285' title='bbox 600 3716 763 3784; x_wconf 89' lang='lat' dir='ltr'><strong>plerumque</strong></span> <span class='ocrx_word' id='word_1_286' title='bbox 782 3715 928 3786; x_wconf 79' lang='lat' dir='ltr'><strong>contingit,</strong></span> <span class='ocrx_word' id='word_1_287' title='bbox 948 3719 981 3770; x_wconf 92' lang='lat' dir='ltr'><strong>ut</strong></span> <span class='ocrx_word' id='word_1_288' title='bbox 998 3715 1102 3786; x_wconf 87' lang='lat' dir='ltr'><strong>gerulis</strong></span> <span class='ocrx_word' id='word_1_289' title='bbox 1120 3715 1280 3769; x_wconf 88' lang='lat' dir='ltr'><strong>litterarum</strong></span> <span class='ocrx_word' id='word_1_290' title='bbox 1297 3713 1393 3782; x_wconf 90' lang='lat' dir='ltr'><strong>aliquo</strong></span> <span class='ocrx_word' id='word_1_291' title='bbox 1417 3731 1483 3767; x_wconf 86' lang='lat' dir='ltr'><strong>casu</strong></span> <span class='ocrx_word' id='word_1_292' title='bbox 1507 3712 1643 3768; x_wconf 77' lang='lat' dir='ltr'><strong>existente</strong></span> <span class='ocrx_word' id='word_1_293' title='bbox 1668 3711 1813 3768; x_wconf 89' lang='lat' dir='ltr'><strong>tarditatis</strong></span> <span class='ocrx_word' id='word_1_294' title='bbox 1832 3713 1964 3770; x_wconf 87' lang='lat' dir='ltr'><strong>obstacu-</strong></span> 
     </span>
     <span class='ocr_line' id='line_1_33' title="bbox 516 3798 1965 3871; baseline 0.001 -16"><span class='ocrx_word' id='word_1_295' title='bbox 516 3801 573 3855; x_wconf 91' lang='lat' dir='ltr'><strong>lum</strong></span> <span class='ocrx_word' id='word_1_296' title='bbox 597 3801 725 3858; x_wconf 91' lang='lat' dir='ltr'><strong>videatur</strong></span> <span class='ocrx_word' id='word_1_297' title='bbox 747 3803 860 3867; x_wconf 86' lang='lat' dir='ltr'><strong>adferri,</strong></span> <span class='ocrx_word' id='word_1_298' title='bbox 884 3821 918 3857; x_wconf 90' lang='lat' dir='ltr'><strong>ne</strong></span> <span class='ocrx_word' id='word_1_299' title='bbox 945 3802 974 3856; x_wconf 92' lang='lat' dir='ltr'><strong>id</strong></span> <span class='ocrx_word' id='word_1_300' title='bbox 1001 3803 1076 3871; x_wconf 90' lang='lat' dir='ltr'><strong>quod</strong></span> <span class='ocrx_word' id='word_1_301' title='bbox 1098 3801 1267 3857; x_wconf 86' lang='lat' dir='ltr'><strong>necessitate</strong></span> <span class='ocrx_word' id='word_1_302' title='bbox 1291 3798 1431 3870; x_wconf 84' lang='lat' dir='ltr'><strong>contingit</strong></span> <span class='ocrx_word' id='word_1_303' title='bbox 1454 3799 1489 3854; x_wconf 86' lang='lat' dir='ltr'><strong>ad</strong></span> <span class='ocrx_word' id='word_1_304' title='bbox 1517 3800 1630 3869; x_wconf 87' lang='lat' dir='ltr'><strong>culpam</strong></span> <span class='ocrx_word' id='word_1_305' title='bbox 1649 3805 1788 3855; x_wconf 85' lang='lat' dir='ltr'><strong>rectorum</strong></span> <span class='ocrx_word' id='word_1_306' title='bbox 1806 3800 1965 3856; x_wconf 87' lang='lat' dir='ltr'><strong>redundare</strong></span> 
     </span>
     <span class='ocr_line' id='line_1_34' title="bbox 517 3884 1964 3959; baseline -0.001 -17"><span class='ocrx_word' id='word_1_307' title='bbox 517 3888 657 3953; x_wconf 87' lang='lat' dir='ltr'><strong>videatur,</strong></span> <span class='ocrx_word' id='word_1_308' title='bbox 680 3889 753 3944; x_wconf 89' lang='lat' dir='ltr'><strong>actis</strong></span> <span class='ocrx_word' id='word_1_309' title='bbox 777 3893 848 3959; x_wconf 89' lang='lat' dir='ltr'><strong>aput</strong></span> <span class='ocrx_word' id='word_1_310' title='bbox 870 3908 898 3945; x_wconf 92' lang='lat' dir='ltr'><strong>se</strong></span> <span class='ocrx_word' id='word_1_311' title='bbox 921 3888 1055 3944; x_wconf 90' lang='lat' dir='ltr'><strong>confectis</strong></span> <span class='ocrx_word' id='word_1_312' title='bbox 1073 3887 1146 3943; x_wconf 90' lang='lat' dir='ltr'><strong>diem</strong></span> <span class='ocrx_word' id='word_1_313' title='bbox 1165 3888 1312 3957; x_wconf 84' lang='lat' dir='ltr'><strong>designare</strong></span> <span class='ocrx_word' id='word_1_314' title='bbox 1331 3886 1486 3948; x_wconf 89' lang='lat' dir='ltr'><strong>debebunt,</strong></span> <span class='ocrx_word' id='word_1_315' title='bbox 1506 3885 1534 3938; x_wconf 93' lang='lat' dir='ltr'><strong>in</strong></span> <span class='ocrx_word' id='word_1_316' title='bbox 1554 3903 1609 3954; x_wconf 92' lang='lat' dir='ltr'><strong>quo</strong></span> <span class='ocrx_word' id='word_1_317' title='bbox 1626 3884 1799 3940; x_wconf 86' lang='lat' dir='ltr'><strong>transmissio</strong></span> <span class='ocrx_word' id='word_1_318' title='bbox 1819 3889 1964 3956; x_wconf 89' lang='lat' dir='ltr'><strong>gestorum</strong></span> 
     </span>
     <span class='ocr_line' id='line_1_35' title="bbox 516 3974 2015 4045; baseline -0.005 -16"><span class='ocrx_word' id='word_1_319' title='bbox 516 3974 702 4032; x_wconf 86' lang='lat' dir='ltr'><strong>committitur</strong></span> <span class='ocrx_word' id='word_1_320' title='bbox 723 3976 778 4041; x_wconf 90' lang='lat' dir='ltr'><strong>his,</strong></span> <span class='ocrx_word' id='word_1_321' title='bbox 802 3976 850 4045; x_wconf 93' lang='lat' dir='ltr'><strong>qui</strong></span> <span class='ocrx_word' id='word_1_322' title='bbox 873 3976 938 4031; x_wconf 91' lang='lat' dir='ltr'><strong>huic</strong></span> <span class='ocrx_word' id='word_1_323' title='bbox 961 3974 1124 4031; x_wconf 86' lang='lat' dir='ltr'><strong>necessitati</strong></span> <span class='ocrx_word' id='word_1_324' title='bbox 1147 3975 1326 4044; x_wconf 87' lang='lat' dir='ltr'><strong>deputantur.</strong></span> <span class='ocrx_word' id='word_1_325' title='bbox 1362 3990 1424 4027; x_wconf 86' lang='grc'>333.</span> <span class='ocrx_word' id='word_1_326' title='bbox 1447 3989 1467 4026; x_wconf 87' lang='lat' dir='ltr'>x</span> <span class='ocrx_word' id='word_1_327' title='bbox 1491 3989 1554 4027; x_wconf 79' lang='lat' dir='ltr'><strong>rsa.</strong></span> <span class='ocrx_word' id='word_1_328' title='bbox 1581 3989 1671 4027; x_wconf 83' lang='grc'>3333.</span> <span class='ocrx_word' id='word_1_329' title='bbox 1689 3989 1802 4027; x_wconf 69' lang='lat' dir='ltr'><strong>warino</strong></span> <span class='ocrx_word' id='word_1_330' title='bbox 1822 3990 1849 4027; x_wconf 93' lang='grc'><strong>3.</strong></span> <span class='ocrx_word' id='word_1_331' title='bbox 1868 3990 1913 4027; x_wconf 85' lang='lat'>1111</span> <span class='ocrx_word' id='word_1_332' title='bbox 1933 3990 1965 4028; x_wconf 82' lang='lat' dir='ltr'><strong>rr</strong></span> <span class='ocrx_word' id='word_1_333' title='bbox 1993 3983 2015 4022; x_wconf 82' lang='grc'><strong>33</strong></span> 
     </span>
     <span class='ocr_line' id='line_1_36' title="bbox 516 4079 767 4117; baseline 0.008 -2"><span class='ocrx_word' id='word_1_334' title='bbox 516 4079 661 4116; x_wconf 80' lang='lat' dir='ltr'><strong>ssaavsrro</strong></span> <span class='ocrx_word' id='word_1_335' title='bbox 679 4080 767 4117; x_wconf 85' lang='lat' dir='ltr'><strong>conss.</strong></span> 
     </span>
    </p>
   </div>
   <div class='ocr_carea' id='block_1_10' title="bbox 515 4205 1126 4373">
    <p class='ocr_par' dir='ltr' id='par_1_10' title="bbox 515 4205 1126 4373">
     <span class='ocr_line' id='line_1_37' title="bbox 609 4205 633 4253; baseline 0 0"><span class='ocrx_word' id='word_1_336' title='bbox 609 4205 633 4253; x_wconf 91' lang='lat' dir='ltr'><em>V</em></span> 
     </span>
     <span class='ocr_line' id='line_1_38' title="bbox 515 4308 1126 4373; baseline -0.002 -13"><span class='ocrx_word' id='word_1_337' title='bbox 515 4309 532 4360; x_wconf 89' lang='grc'><strong>3</strong></span> <span class='ocrx_word' id='word_1_338' title='bbox 550 4311 643 4361; x_wconf 83' lang='lat' dir='ltr'><strong>dlferre</strong></span> <span class='ocrx_word' id='word_1_339' title='bbox 659 4309 683 4359; x_wconf 85' lang='lat' dir='ltr'><em>V</em></span> <span class='ocrx_word' id='word_1_340' title='bbox 749 4308 765 4360; x_wconf 89' lang='grc'><strong>6</strong></span> <span class='ocrx_word' id='word_1_341' title='bbox 785 4308 944 4373; x_wconf 82' lang='lat' dir='ltr'><strong>transmissa]</strong></span> <span class='ocrx_word' id='word_1_342' title='bbox 962 4326 1011 4360; x_wconf 84' lang='lat' dir='ltr'><strong>scr.</strong></span> <span class='ocrx_word' id='word_1_343' title='bbox 1031 4309 1126 4360; x_wconf 81' lang='lat' dir='ltr'><strong>tradita</strong></span> 
     </span>
    </p>
   </div>
   <div class='ocr_carea' id='block_1_11' title="bbox 519 4408 1963 4423">
    <p class='ocr_par' dir='ltr' id='par_1_11' title="bbox 519 4408 1963 4423">
     <span class='ocr_line' id='line_1_39' title="bbox 519 4408 1963 4423; baseline -0.003 0"><span class='ocrx_word' id='word_1_344' title='bbox 519 4409 1603 4423; x_wconf 70' lang='lat'><strong>——---—-.-——‚-————-——--—....</strong></span> <span class='ocrx_word' id='word_1_345' title='bbox 1611 4408 1963 4418; x_wconf 64' lang='lat' dir='ltr'><em>m</em></span> 
     </span>
    </p>
   </div>
   <div class='ocr_carea' id='block_1_12' title="bbox 361 4480 1965 4828">
    <p class='ocr_par' dir='ltr' id='par_1_12' title="bbox 361 4480 1965 4828">
     <span class='ocr_line' id='line_1_40' title="bbox 361 4480 789 4550; baseline -0.009 -13"><span class='ocrx_word' id='word_1_346' title='bbox 361 4484 411 4550; x_wconf 90' lang='lat' dir='ltr'><strong>lll,</strong></span> <span class='ocrx_word' id='word_1_347' title='bbox 425 4484 466 4549; x_wconf 83' lang='lat'><strong>30,</strong></span> <span class='ocrx_word' id='word_1_348' title='bbox 480 4485 514 4539; x_wconf 81' lang='lat'><strong>32</strong></span> <span class='ocrx_word' id='word_1_349' title='bbox 532 4480 593 4548; x_wconf 80' lang='lat'><strong>(364</strong></span> <span class='ocrx_word' id='word_1_350' title='bbox 610 4480 690 4535; x_wconf 82' lang='lat' dir='ltr'><strong>Febr.</strong></span> <span class='ocrx_word' id='word_1_351' title='bbox 702 4481 735 4549; x_wconf 71' lang='lat' dir='ltr'><strong>[l]</strong></span> <span class='ocrx_word' id='word_1_352' title='bbox 753 4480 789 4547; x_wconf 83' lang='lat'><strong>4).</strong></span> 
     </span>
     <span class='ocr_line' id='line_1_41' title="bbox 603 4584 1965 4652; baseline -0.001 -16"><span class='ocrx_word' id='word_1_353' title='bbox 603 4600 677 4637; x_wconf 80' lang='lat' dir='ltr'><strong>uren.</strong></span> <span class='ocrx_word' id='word_1_354' title='bbox 700 4584 942 4652; x_wconf 63' lang='lat' dir='ltr'><strong>autumamus</strong></span> <span class='ocrx_word' id='word_1_355' title='bbox 962 4602 994 4638; x_wconf 84' lang='lat' dir='ltr'><strong>nr</strong></span> <span class='ocrx_word' id='word_1_356' title='bbox 1020 4602 1124 4638; x_wconf 79' lang='grc'>333333</span> <span class='ocrx_word' id='word_1_357' title='bbox 1150 4602 1196 4637; x_wconf 93' lang='grc'><strong>33.</strong></span> <span class='ocrx_word' id='word_1_358' title='bbox 1220 4599 1343 4637; x_wconf 73' lang='grc'>33333333</span> <span class='ocrx_word' id='word_1_359' title='bbox 1368 4596 1467 4634; x_wconf 75' lang='grc'>333333</span> <span class='ocrx_word' id='word_1_360' title='bbox 1489 4596 1582 4633; x_wconf 85' lang='lat' dir='ltr'><strong>onnnu</strong></span> <span class='ocrx_word' id='word_1_361' title='bbox 1605 4595 1740 4632; x_wconf 77' lang='grc'>33333333</span> <span class='ocrx_word' id='word_1_362' title='bbox 1768 4594 1965 4634; x_wconf 69' lang='grc'>3333333333</span> 
     </span>
     <span class='ocr_line' id='line_1_42' title="bbox 517 4665 1791 4742; baseline -0.006 -18"><span class='ocrx_word' id='word_1_363' title='bbox 517 4669 659 4724; x_wconf 83' lang='lat' dir='ltr'><strong>Iudicibus</strong></span> <span class='ocrx_word' id='word_1_364' title='bbox 685 4687 740 4724; x_wconf 91' lang='lat' dir='ltr'><strong>non</strong></span> <span class='ocrx_word' id='word_1_365' title='bbox 767 4671 856 4725; x_wconf 89' lang='lat' dir='ltr'><strong>solum</strong></span> <span class='ocrx_word' id='word_1_366' title='bbox 888 4671 1091 4742; x_wconf 89' lang='lat' dir='ltr'><strong>appellationis</strong></span> <span class='ocrx_word' id='word_1_367' title='bbox 1120 4669 1316 4739; x_wconf 85' lang='lat' dir='ltr'><strong>suscipiendae</strong></span> <span class='ocrx_word' id='word_1_368' title='bbox 1346 4665 1497 4723; x_wconf 85' lang='lat' dir='ltr'><strong>necessitas</strong></span> <span class='ocrx_word' id='word_1_369' title='bbox 1723 4700 1791 4737; x_wconf 62' lang='lat' dir='ltr'><strong>,m</strong></span> 
     </span>
     <span class='ocr_line' id='line_1_43' title="bbox 518 4750 1845 4828; baseline -0.002 -19"><span class='ocrx_word' id='word_1_370' title='bbox 518 4756 628 4813; x_wconf 89' lang='lat' dir='ltr'><strong>videtur</strong></span> <span class='ocrx_word' id='word_1_371' title='bbox 639 4755 771 4826; x_wconf 85' lang='lat' dir='ltr'><strong>inposita,</strong></span> <span class='ocrx_word' id='word_1_372' title='bbox 787 4756 977 4813; x_wconf 86' lang='lat' dir='ltr'><strong>verumetiam</strong></span> <span class='ocrx_word' id='word_1_373' title='bbox 993 4757 1112 4828; x_wconf 86' lang='lat' dir='ltr'><strong>triginta</strong></span> <span class='ocrx_word' id='word_1_374' title='bbox 1124 4756 1231 4812; x_wconf 83' lang='lat' dir='ltr'><strong>diemm</strong></span> <span class='ocrx_word' id='word_1_375' title='bbox 1244 4753 1339 4825; x_wconf 88' lang='lat' dir='ltr'><strong>spatia</strong></span> <span class='ocrx_word' id='word_1_376' title='bbox 1356 4750 1497 4823; x_wconf 73' lang='lat' dir='ltr'><strong>[definita</strong></span> <span class='ocrx_word' id='word_1_377' title='bbox 1567 4751 1627 4822; x_wconf 72' lang='lat' dir='ltr'><strong>sex</strong></span> <span class='ocrx_word' id='word_1_378' title='bbox 1645 4754 1686 4805; x_wconf 87' lang='lat' dir='ltr'><strong>die</strong></span> <span class='ocrx_word' id='word_1_379' title='bbox 1703 4757 1845 4807; x_wconf 80' lang='lat' dir='ltr'><strong>sentcntiae</strong></span> 
     </span>
    </p>
   </div>
   <div class='ocr_carea' id='block_1_13' title="bbox 515 4838 2017 4997">
    <p class='ocr_par' dir='ltr' id='par_1_13' title="bbox 515 4838 2017 4997">
     <span class='ocr_line' id='line_1_44' title="bbox 515 4838 1968 4922; baseline -0.001 -25"><span class='ocrx_word' id='word_1_380' title='bbox 515 4847 592 4907; x_wconf 86' lang='lat' dir='ltr'><strong>sunt,</strong></span> <span class='ocrx_word' id='word_1_381' title='bbox 621 4842 695 4898; x_wconf 85' lang='lat' dir='ltr'><strong>intra</strong></span> <span class='ocrx_word' id='word_1_382' title='bbox 722 4861 794 4913; x_wconf 88' lang='lat' dir='ltr'><strong>quac</strong></span> <span class='ocrx_word' id='word_1_383' title='bbox 823 4842 945 4913; x_wconf 72' lang='lat' dir='ltr'><strong>*negocii</strong></span> <span class='ocrx_word' id='word_1_384' title='bbox 969 4842 1071 4896; x_wconf 89' lang='lat' dir='ltr'><strong>merita</strong></span> <span class='ocrx_word' id='word_1_385' title='bbox 1093 4845 1129 4898; x_wconf 85' lang='lat' dir='ltr'><strong>ad</strong></span> <span class='ocrx_word' id='word_1_386' title='bbox 1147 4838 1369 4897; x_wconf 88' lang='lat' dir='ltr'><strong>mansuetudinis</strong></span> <span class='ocrx_word' id='word_1_387' title='bbox 1386 4840 1497 4893; x_wconf 88' lang='lat' dir='ltr'><strong>nostrae</strong></span> <span class='ocrx_word' id='word_1_388' title='bbox 1569 4839 1585 4921; x_wconf 38' lang='grc' dir='ltr'>ᾗ</span> <span class='ocrx_word' id='word_1_389' title='bbox 1600 4848 1675 4922; x_wconf 78' lang='lat' dir='ltr'><strong>gesta</strong></span> <span class='ocrx_word' id='word_1_390' title='bbox 1692 4858 1746 4892; x_wconf 86' lang='lat' dir='ltr'><strong>uns</strong></span> <span class='ocrx_word' id='word_1_391' title='bbox 1762 4859 1822 4893; x_wconf 90' lang='lat' dir='ltr'><strong>cum</strong></span> <span class='ocrx_word' id='word_1_392' title='bbox 1841 4844 1968 4896; x_wconf 77' lang='lat' dir='ltr'><strong>relatione</strong></span> 
     </span>
     <span class='ocr_line' id='line_1_45' title="bbox 516 4910 2017 4997; baseline -0.005 -14"><span class='ocrx_word' id='word_1_393' title='bbox 516 4928 619 4984; x_wconf 84' lang='lat' dir='ltr'><strong>scrinia</strong></span> <span class='ocrx_word' id='word_1_394' title='bbox 632 4929 780 4985; x_wconf 87' lang='lat' dir='ltr'><strong>conveniat</strong></span> <span class='ocrx_word' id='word_1_395' title='bbox 792 4928 952 4994; x_wconf 80' lang='lat' dir='ltr'><strong>destinari⁴,</strong></span> <span class='ocrx_word' id='word_1_396' title='bbox 970 4929 1062 4985; x_wconf 91' lang='lat' dir='ltr'><strong>iudice</strong></span> <span class='ocrx_word' id='word_1_397' title='bbox 1081 4933 1110 4985; x_wconf 91' lang='lat' dir='ltr'><strong>et</strong></span> <span class='ocrx_word' id='word_1_398' title='bbox 1128 4928 1220 4983; x_wconf 88' lang='lat' dir='ltr'><strong>officio</strong></span> <span class='ocrx_word' id='word_1_399' title='bbox 1238 4926 1254 4997; x_wconf 83' lang='grc' dir='ltr'><strong>Γ,</strong></span> <span class='ocrx_word' id='word_1_400' title='bbox 1273 4926 1296 4980; x_wconf 89' lang='lat' dir='ltr'><strong>si</strong></span> <span class='ocrx_word' id='word_1_401' title='bbox 1315 4927 1423 4980; x_wconf 87' lang='lat' dir='ltr'><strong>statuta</strong></span> <span class='ocrx_word' id='word_1_402' title='bbox 1442 4924 1497 4978; x_wconf 89' lang='lat' dir='ltr'><strong>fue·</strong></span> <span class='ocrx_word' id='word_1_403' title='bbox 1569 4910 1741 4976; x_wconf 66' lang='lat' dir='ltr'><strong>¹¹¹¹ll⁸i⁰¹ib¹¹⁸</strong></span> <span class='ocrx_word' id='word_1_404' title='bbox 1759 4914 1882 4963; x_wconf 67' lang='lat' dir='ltr'><strong>⁰⁰¹¹V0¹¹it</strong></span> <span class='ocrx_word' id='word_1_405' title='bbox 1893 4930 1968 4979; x_wconf 76' lang='lat' dir='ltr'><strong>Prae</strong></span> <span class='ocrx_word' id='word_1_406' title='bbox 2005 4937 2017 4975; x_wconf 80' lang='lat' dir='ltr'><strong>s</strong></span> 
     </span>
    </p>
   </div>
   <div class='ocr_carea' id='block_1_14' title="bbox 516 4978 1917 5085">
    <p class='ocr_par' dir='ltr' id='par_1_14' title="bbox 516 4978 1917 5085">
     <span class='ocr_line' id='line_1_46' title="bbox 516 4978 1917 5085; baseline -0.004 -15"><span class='ocrx_word' id='word_1_407' title='bbox 516 5016 573 5072; x_wconf 91' lang='lat' dir='ltr'><strong>rint</strong></span> <span class='ocrx_word' id='word_1_408' title='bbox 591 5016 687 5084; x_wconf 86' lang='lat' dir='ltr'><strong>aliqua</strong></span> <span class='ocrx_word' id='word_1_409' title='bbox 711 5020 791 5085; x_wconf 86' lang='lat' dir='ltr'><strong>parte</strong></span> <span class='ocrx_word' id='word_1_410' title='bbox 813 5015 954 5078; x_wconf 88' lang='lat' dir='ltr'><strong>mutilata,</strong></span> <span class='ocrx_word' id='word_1_411' title='bbox 978 5015 1085 5070; x_wconf 90' lang='lat' dir='ltr'><strong>multae</strong></span> <span class='ocrx_word' id='word_1_412' title='bbox 1105 5014 1307 5069; x_wconf 61' lang='lat' dir='ltr'><strong>*subiacentet</strong></span> <span class='ocrx_word' id='word_1_413' title='bbox 1343 5028 1405 5067; x_wconf 84' lang='grc'>333.</span> <span class='ocrx_word' id='word_1_414' title='bbox 1424 5028 1496 5064; x_wconf 78' lang='lat' dir='ltr'><strong>enin.</strong></span> <span class='ocrx_word' id='word_1_415' title='bbox 1568 4978 1645 5031; x_wconf 52' lang='grc' dir='ltr'><strong>ΜΓ</strong></span> <span class='ocrx_word' id='word_1_416' title='bbox 1743 4995 1746 5063; x_wconf 80' lang='lat' dir='ltr'><strong>i</strong></span> <span class='ocrx_word' id='word_1_417' title='bbox 1834 4995 1917 5065; x_wconf 64' lang='lat'>[⁶5⁰⁸</span> 
     </span>
    </p>
   </div>
   <div class='ocr_carea' id='block_1_15' title="bbox 1574 5063 1795 5117">
    <p class='ocr_par' dir='ltr' id='par_1_15' title="bbox 1574 5063 1795 5117">
     <span class='ocr_line' id='line_1_47' title="bbox 1574 5063 1795 5117; baseline 0.005 -2"><span class='ocrx_word' id='word_1_418' title='bbox 1574 5063 1795 5117; x_wconf 64' lang='lat' dir='ltr'><strong>*subiacentibus*</strong></span> 
     </span>
    </p>
   </div>
   <div class='ocr_carea' id='block_1_16' title="bbox 1791 5172 1964 5182">
    <p class='ocr_par' dir='ltr' id='par_1_16' title="bbox 1791 5172 1964 5182">
     <span class='ocr_line' id='line_1_48' title="bbox 1791 5172 1964 5182; baseline 0.012 -3"><span class='ocrx_word' id='word_1_419' title='bbox 1791 5172 1964 5182; x_wconf 78' lang='lat'><strong>-—-——....</strong></span> 
     </span>
    </p>
   </div>
   <div class='ocr_carea' id='block_1_17' title="bbox 515 5103 1421 5170">
    <p class='ocr_par' dir='ltr' id='par_1_17' title="bbox 515 5103 1421 5170">
     <span class='ocr_line' id='line_1_49' title="bbox 515 5103 1421 5170; baseline -0.006 -14"><span class='ocrx_word' id='word_1_420' title='bbox 515 5120 577 5157; x_wconf 73' lang='lat' dir='ltr'><strong>NON.</strong></span> <span class='ocrx_word' id='word_1_421' title='bbox 596 5121 654 5157; x_wconf 75' lang='lat' dir='ltr'><strong>FER.</strong></span> <span class='ocrx_word' id='word_1_422' title='bbox 673 5103 851 5170; x_wconf 59' lang='grc' dir='ltr'><strong>ΙΕΙᾙΟΒΑΝΟ)</strong></span> <span class='ocrx_word' id='word_1_423' title='bbox 869 5119 934 5156; x_wconf 82' lang='lat' dir='ltr'><strong>1&gt;1vo</strong></span> <span class='ocrx_word' id='word_1_424' title='bbox 953 5118 1067 5156; x_wconf 71' lang='lat' dir='ltr'><strong>lovmlo</strong></span> <span class='ocrx_word' id='word_1_425' title='bbox 1084 5119 1117 5155; x_wconf 72' lang='grc' dir='ltr'><strong>ΒΤ</strong></span> <span class='ocrx_word' id='word_1_426' title='bbox 1136 5117 1315 5155; x_wconf 77' lang='lat' dir='ltr'><strong>VARRONIANO</strong></span> <span class='ocrx_word' id='word_1_427' title='bbox 1333 5116 1421 5153; x_wconf 78' lang='lat' dir='ltr'><strong>OONSS.</strong></span> 
     </span>
    </p>
   </div>
   <div class='ocr_carea' id='block_1_18' title="bbox 607 5276 939 5342">
    <p class='ocr_par' dir='ltr' id='par_1_18' title="bbox 607 5276 939 5342">
     <span class='ocr_line' id='line_1_50' title="bbox 607 5276 939 5342; baseline 0.003 -12"><span class='ocrx_word' id='word_1_428' title='bbox 607 5279 635 5330; x_wconf 86' lang='lat' dir='ltr'><strong>V.</strong></span> <span class='ocrx_word' id='word_1_429' title='bbox 654 5307 687 5315; x_wconf 92' lang='lat'>-</span> <span class='ocrx_word' id='word_1_430' title='bbox 706 5279 791 5331; x_wconf 84' lang='lat' dir='ltr'><strong>lVST.</strong></span> <span class='ocrx_word' id='word_1_431' title='bbox 805 5277 829 5341; x_wconf 80' lang='lat'><strong>7,</strong></span> <span class='ocrx_word' id='word_1_432' title='bbox 843 5276 884 5342; x_wconf 74' lang='lat'><strong>62,</strong></span> <span class='ocrx_word' id='word_1_433' title='bbox 897 5276 939 5331; x_wconf 78' lang='grc'><strong>24.</strong></span> 
     </span>
    </p>
   </div>
   <div class='ocr_carea' id='block_1_19' title="bbox 517 5393 1685 5536">
    <p class='ocr_par' dir='ltr' id='par_1_19' title="bbox 517 5393 1685 5536">
     <span class='ocr_line' id='line_1_51' title="bbox 517 5393 1685 5465; baseline -0.006 -15"><span class='ocrx_word' id='word_1_434' title='bbox 517 5399 529 5450; x_wconf 94' lang='lat' dir='ltr'>l</span> <span class='ocrx_word' id='word_1_435' title='bbox 543 5400 788 5465; x_wconf 82' lang='lat' dir='ltr'><strong>chartaginianeium</strong></span> <span class='ocrx_word' id='word_1_436' title='bbox 802 5402 828 5451; x_wconf 87' lang='lat' dir='ltr'><strong>in</strong></span> <span class='ocrx_word' id='word_1_437' title='bbox 841 5401 920 5451; x_wconf 84' lang='lat' dir='ltr'><strong>africa</strong></span> <span class='ocrx_word' id='word_1_438' title='bbox 932 5399 995 5449; x_wconf 85' lang='lat' dir='ltr'><strong>Iust.</strong></span> <span class='ocrx_word' id='word_1_439' title='bbox 1005 5397 1126 5461; x_wconf 84' lang='lat' dir='ltr'><strong>(Samma</strong></span> <span class='ocrx_word' id='word_1_440' title='bbox 1136 5397 1208 5461; x_wconf 85' lang='lat' dir='ltr'><strong>Per.)</strong></span> <span class='ocrx_word' id='word_1_441' title='bbox 1265 5397 1379 5447; x_wconf 71' lang='lat' dir='ltr'><strong>tisianus</strong></span> <span class='ocrx_word' id='word_1_442' title='bbox 1398 5413 1449 5446; x_wconf 80' lang='lat' dir='ltr'><strong>nors</strong></span> <span class='ocrx_word' id='word_1_443' title='bbox 1468 5394 1521 5459; x_wconf 63' lang='lat' dir='ltr'><strong>licit</strong></span> <span class='ocrx_word' id='word_1_444' title='bbox 1541 5393 1685 5446; x_wconf 72' lang='lat' dir='ltr'><strong>Mediolani</strong></span> 
     </span>
     <span class='ocr_line' id='line_1_52' title="bbox 549 5467 1208 5536; baseline -0.005 -17"><span class='ocrx_word' id='word_1_445' title='bbox 549 5469 566 5519; x_wconf 79' lang='lat'><strong>‘2</strong></span> <span class='ocrx_word' id='word_1_446' title='bbox 583 5469 767 5536; x_wconf 83' lang='lat' dir='ltr'><strong>appellationes</strong></span> <span class='ocrx_word' id='word_1_447' title='bbox 784 5470 808 5518; x_wconf 88' lang='lat' dir='ltr'><em>V</em></span> <span class='ocrx_word' id='word_1_448' title='bbox 882 5468 923 5534; x_wconf 61' lang='lat'><strong>617</strong></span> <span class='ocrx_word' id='word_1_449' title='bbox 942 5486 970 5520; x_wconf 83' lang='lat' dir='ltr'><strong>co</strong></span> <span class='ocrx_word' id='word_1_450' title='bbox 989 5477 1099 5533; x_wconf 81' lang='lat' dir='ltr'><strong>tempore</strong></span> <span class='ocrx_word' id='word_1_451' title='bbox 1116 5467 1208 5517; x_wconf 82' lang='lat' dir='ltr'><strong>Volen-</strong></span> 
     </span>
    </p>
   </div>
   <div class='ocr_carea' id='block_1_20' title="bbox 0 0 2404 6400">
    <p class='ocr_par' dir='ltr' id='par_1_20' title="bbox 0 0 2404 6400">
     <span class='ocr_line' id='line_1_53' title="bbox 0 0 2404 6400; baseline 0 1"><span class='ocrx_word' id='word_1_452' title='bbox 0 0 2404 6400; x_wconf 95' lang='lat' dir='ltr'><strong> </strong></span> 
     </span>
    </p>
   </div>
  </div>
 </body>
</html>
