4800 6400
569 701 638 773 VII
662 707 700 772 13
725 707 849 773 16-20
1255 705 1318 771 340
1776 702 1825 758 DE
1841 700 2025 760 mortiers

417 873 575 945 v11‚13,16
591 878 652 949 (406
670 879 737 951 Apr.
751 879 802 950 17).

663 999 757 1037 nrrrr.
783 999 927 1047 suornm,
951 997 1088 1037 uouemus
1109 997 1143 1035 ar
1164 997 1331 1036 rnmuosrvs
1353 998 1421 1036 sm.
1439 994 1675 1036 memoramus.
1714 978 1821 1038 Contra
1837 981 1957 1039 hostiles
1973 981 2024 1038 im·

579 1074 662 1141 petus
679 1087 734 1124 non
752 1069 826 1124 solas
844 1068 972 1125 iubemus
989 1084 1122 1138 personas
1139 1065 1316 1132 considerari,
1335 1068 1384 1122 sed
1402 1065 1486 1132 vires,
1509 1070 1539 1123 et
1560 1065 1629 1122 licet
1645 1065 1781 1137 ingenuos
1798 1084 1894 1124 amore
1911 1067 2023 1140 patriae

580 1157 724 1212 credamus
742 1154 867 1221 incitari,
890 1173 983 1211 servos
1004 1152 1091 1210 etiarn
1108 1153 1191 1208 huius
1209 1152 1380 1209 auctoritate
1402 1152 1489 1209 edicti
1506 1152 1698 1218 exhortamur,
1716 1155 1749 1208 ut
1767 1152 1976 1225 quamprimum
1992 1172 2023 1211 se

578 1241 689 1299 bellicis
717 1241 863 1298 sudoribus
890 1241 1021 1307 offerant,
1048 1240 1204 1312 praemium
1230 1239 1386 1305 libertatis,
1410 1238 1435 1294 si
1458 1239 1520 1310 apti
1538 1240 1575 1295 ad
1591 1239 1725 1296 militiam
1742 1257 1822 1296 arma
1839 1240 2022 1312 susceperint,

577 1327 748 1399 pulveratici
777 1327 865 1385 etiam
890 1327 1001 1384 nomine
1027 1326 1108 1382 binos
1135 1326 1238 1384 solidos
1264 1325 1422 1397 accepturi:
1450 1326 1601 1397 praecipue
1621 1343 1689 1383 sane
1710 1343 1806 1383 eorum
1827 1344 1936 1394 servos,
1955 1344 2026 1398 quos
2059 1345 2072 1385 s

576 1413 682 1470 militia
699 1419 809 1470 armata
826 1414 967 1479 detentat,
991 1413 1195 1470 foederatorum
1217 1412 1307 1467 nihilo
1325 1411 1416 1467 minus
1434 1415 1464 1469 et
1481 1411 1688 1480 dediticiorum,
1707 1411 1841 1482 quoniam
1858 1412 1937 1485 ipsos
1954 1430 2022 1484 qno-

576 1518 631 1570 que
648 1518 705 1557 una
723 1518 786 1556 cum
803 1500 922 1556 dominis
940 1503 1052 1557 constat
1069 1500 1146 1557 bella
1164 1502 1295 1556 tractare.
1331 1516 1393 1555 nar.
1411 1516 1451 1555 xv
1467 1516 1532 1555 nn
1554 1517 1614 1555 rur.
1632 1499 1786 1570 aedmeri)
1804 1517 1926 1556 inorme
1944 1518 1973 1557 a.
1992 1516 2023 1557 rr

576 1604 610 1642 ar
627 1605 714 1643 moso
732 1604 797 1643 vmo
815 1604 973 1642 oninmsm
991 1603 1080 1642 corsa.

663 1764 689 1816 R

578 1883 596 1939 3
613 1882 812 1954 quamprimum]
830 1885 930 1954 scr-rpri,
947 1882 1156 1954 cumprimumB
1225 1881 1241 1937 7
1258 1880 1303 1951 xu]
1322 1884 1368 1937 xiii
1384 1883 1515 1953 innuendo

421 2055 536 2124 mle,
549 2056 580 2113 17
600 2058 662 2128 (406
680 2058 747 2128 Apr.
762 2057 813 2128 19).

661 2178 729 2217 rnrur
753 2178 820 2215 nm.
842 2176 1077 2216 rsormomumvs.
1117 2160 1307 2218 vainciales
1329 2179 1380 2232 pro
1403 2159 1604 2218 inminentibus
1627 2160 1844 2218 necessitatibus
1869 2176 1967 2216 omues
1984 2157 2024 2214 in-

579 2247 701 2303 vitamus
718 2246 819 2313 edicto‚
838 2264 908 2316 quos
925 2245 1011 2318 erigit
1030 2247 1067 2302 ad
1083 2245 1216 2302 militiam
1235 2245 1334 2302 innata
1351 2245 1476 2302 libertas.
1517 2245 1635 2318 ingenui
1652 2245 1749 2319 igitur,
1767 2245 1816 2316 qui
1834 2244 1959 2302 militiae
1976 2245 2026 2300 ob·

577 2337 659 2390 tentu
682 2351 760 2389 arma
782 2332 900 2404 capiunt
923 2350 1016 2389 amore
1042 2331 1122 2403 pacis
1147 2338 1177 2389 et
1203 2330 1322 2403 patriae,
1347 2331 1439 2387 soient
1462 2350 1491 2389 se
1516 2332 1602 2388 denos
1624 2332 1728 2388 solidos
1745 2331 1868 2403 patratis
1886 2331 1971 2388 rebus
1988 2331 2023 2387 ds

577 2423 671 2476 nostro
689 2422 870 2491 percepturos
892 2417 1008 2485 aerario,
1024 2417 1125 2488 quibus
1147 2421 1242 2475 tamen
1260 2422 1354 2475 ternos
1377 2436 1411 2475 ex
1428 2436 1536 2474 summa
1553 2436 1639 2489 supra
1656 2418 1734 2474 dicta
1751 2417 1809 2474 iam
1826 2436 1901 2474 nunc
1918 2417 2025 2474 solidos

578 2504 707 2578 praeberi
729 2505 935 2571 mandavimus,
957 2522 1024 2560 nam
1046 2505 1167 2576 optimos
1190 2505 1299 2562 futuros
1321 2505 1495 2570 confidimus,
1518 2522 1588 2573 quos
1610 2503 1700 2558 virtus
1721 2505 1752 2560 et
1771 2502 1885 2560 utilitas
1908 2503 2026 2576 publiea
2062 2509 2074 2549 ⁵

578 2591 793 2649 necessitatibus
811 2591 924 2647 obtulit.
959 2607 1022 2646 nar.
1039 2608 1093 2646 xm
1110 2608 1174 2646 um„
1192 2608 1252 2646 rm.
1272 2592 1426 2662 mulam)
1445 2608 1564 2647 monnio
1582 2609 1609 2646 n.
1628 2608 1658 2646 vr
1675 2607 1708 2646 rrr
1725 2607 1813 2646 rnoao
1830 2607 1921 2647 conss.

665 2770 690 2821 B

577 2890 764 2961 btapiuntB⁸
814 2887 933 2959 patratis]
951 2888 1052 2957 compsi,
1069 2887 1205 2956 paratisR
1284 2888 1458 2944 biuturusB
1539 2887 1629 2960 exiii]
1647 2908 1684 2944 xu
1702 2889 1832 2959 mnqmdo
1884 2886 2028 2943 condicit*

371 3065 825 3149 'vwwmmmm

664 3203 732 3240 marr
755 3204 822 3241 mr.
846 3200 997 3240 armosoru
1018 3183 1131 3254 oorrlrm)
1156 3201 1189 3238 ur
1212 3200 1347 3240 nersrso
1368 3202 1492 3241 mirra.
1532 3183 1673 3242 Inniorum
1699 3184 1892 3257 conlatfflone,
1912 3184 1958 3243 vel
1976 3184 2026 3257 qui

581 3272 706 3345 proxime
724 3273 754 3329 in
772 3271 864 3344 pretio
884 3272 921 3327 ab
938 3268 1083 3326 honoratis
1103 3289 1153 3341 pro
1170 3289 1262 3327 rerum
1278 3271 1446 3329 necessitate
1463 3271 1549 3343 petiti
1566 3275 1632 3328 suut
1644 3272 1688 3328 vel
1706 3271 1731 3326 si
1748 3290 1881 3341 umquam
1899 3272 1959 3329 tale
1976 3272 2028 3328 ali-

579 3361 649 3432 quid
673 3360 713 3417 rei
739 3358 873 3432 publicae
901 3356 974 3414 ratio
1001 3356 1186 3430 flagitaverit,
1210 3358 1336 3415 inmunes
1358 3359 1457 3416 haberi
1481 3362 1609 3430 oportere
1627 3358 1812 3425 decernimus,
1836 3357 1886 3428 qui
1904 3359 2026 3417 militiae

425 3467 452 3519 q.
461 3448 493 3503 41
508 3447 527 3503 f.
535 3448 561 3502 4¹
580 3446 778 3519 praerogativa
796 3447 833 3502 ad
850 3445 1011 3502 tribunatus
1025 3444 1031 3518 Ι
1047 3445 1292 3517 praepositurasve
1309 3445 1494 3517 pervenerint
1530 3462 1592 3501 nir.
1611 3462 1643 3500 11
1654 3462 1718 3500 m.
1737 3461 1827 3501 arun.
1848 3461 1970 3502 uouomo
1983 3462 2025 3502 ru

580 3552 613 3590 rr
632 3551 781 3589 rnnonosro
798 3550 820 3588 11
838 3551 885 3589 m.
903 3549 992 3589 oorss.
2064 3541 2076 3582 s

666 3710 692 3761 R

579 3831 597 3885 4
613 3832 719 3884 honorio
737 3829 783 3895 uii]
802 3830 908 3881 honorio
926 3829 963 3879 iiii
973 3827 999 3878 13
1015 3827 1062 3895 (cs.
1075 3826 1098 3891 7,
1108 3826 1150 3891 20,
1163 3826 1207 3892 13)

425 3999 818 4080 mmmmm&

668 4120 742 4157 mre.
769 4121 907 4158 nononivs
933 4121 965 4157 ur
990 4119 1157 4158 ruaonosrvs
1183 4120 1230 4157 nr.
1256 4104 1367 4173 conum)
1394 4104 1559 4174 suonam)
1586 4104 1801 4175 uberrimum).
1850 4106 1966 4165 Tirones
1997 4109 2027 4166 in

578 4190 681 4246 scholis
704 4191 766 4245 loco
789 4209 898 4261 semper
921 4190 1074 4261 posteriore
1101 4194 1248 4262 ponantur.
1289 4191 1349 4246 Nec
1371 4190 1445 4247 enim
1466 4191 1590 4262 patimur
1608 4210 1778 4262 quemquam
1797 4193 1942 4251 celsiorem
1961 4214 2025 4268 gra·

582 4278 648 4332 dum
668 4276 801 4342 obtinere,
820 4276 875 4331 nisi
893 4276 938 4332 cui
956 4279 985 4333 et
1003 4278 1131 4334 laborum
1148 4276 1304 4332 adsiduitas
1322 4280 1351 4333 et
1369 4277 1571 4348 stipendiorum
1583 4278 1730 4350 prolixitas
1747 4280 1926 4353 suffragatur.
1964 4301 2026 4340 nar.

586 4383 628 4421 vu
646 4383 709 4420 unu.
728 4382 785 4419 nno.
804 4366 958 4435 undarum)
976 4382 1060 4420 nesso
1077 4383 1110 4419 nr
1128 4382 1256 4421 numero
1274 4382 1362 4419 conss.

669 4544 701 4595 B.
721 4571 754 4582 -
771 4545 858 4597 IVST.
872 4543 913 4610 12,
925 4543 968 4608 43,
980 4543 1005 4597 3,

582 4665 599 4718 2
616 4667 695 4718 slrolis
704 4665 744 4716 B·

427 4847 488 4911 Vll,
500 4845 539 4910 13,
549 4844 582 4900 20
600 4836 661 4905 (410
679 4835 758 4890 Febr.
771 4835 805 4904 8).

672 4936 766 5006 [rnen]
791 4956 837 4991 an.
861 4953 1016 4992 noseoruo
1039 4937 1148 5007 domm)
1173 4938 1289 5003 usnam)
1311 4939 1521 5010 mmmmm).
1557 4940 1673 4997 Tirones
1694 4941 1808 4998 tricenis
1830 4943 1928 4998 solidis
1945 4944 2030 5000 aesti-

583 5026 675 5077 matos
698 5023 733 5076 ab
753 5022 880 5077 omnibus
902 5022 1000 5077 officiis
1017 5023 1140 5078 iudicum
1162 5021 1282 5087 Africae,
1305 5025 1432 5094 exemplo
1456 5027 1648 5095 praecedentis
1670 5029 1812 5099 temporis,
1839 5032 2030 5099 postulamus;

585 5109 660 5177 quod
677 5107 759 5163 simul
779 5106 866 5164 etiem
884 5109 920 5163 ab
939 5109 1083 5165 honoratis
1100 5110 1316 5164 memoratarum
1335 5110 1541 5179 provinciarum
1563 5131 1614 5169 nec
1632 5132 1687 5170 non
1704 5115 1848 5172 Sardiniae
1867 5116 1982 5174 Siciliae
1999 5121 2031 5173 et

586 5193 722 5249 Corsicae.
759 5194 812 5248 Eos
831 5212 896 5250 saue
914 5195 1033 5253 honores
1050 5194 1142 5265 excipi
1160 5193 1196 5249 ab
1215 5194 1260 5249 his
1278 5194 1431 5262 conveniet,
1444 5197 1545 5266 quibus
1563 5204 1613 5256 aut
1631 5201 1773 5269 praesenti
1791 5205 1917 5273 tempore
1936 5204 2030 5273 publi·

585 5368 599 5420 1
620 5370 784 5421 machedonio
797 5370 822 5420 B
916 5373 933 5425 2
950 5375 1071 5440 temporis
1089 5371 1151 5437 (res
1160 5370 1211 5430 lib)
1331 5388 1393 5423 sone
1411 5373 1518 5424 honores
1537 5375 1620 5441 excipi
1639 5377 1671 5427 sb
1690 5375 1738 5441 bis]
1757 5395 1787 5430 so
1806 5396 1870 5432 saue
1888 5397 1965 5433 onere
1984 5399 2028 5434 ex·

584 5437 601 5488 3
619 5438 753 5506 honoratis}
763 5456 810 5490 om.
822 5440 860 5490 12·
912 5443 955 5508 213
966 5443 1127 5526 postulemus
1141 5438 1219 5560 quod)
1228 5457 1277 5491 ror.
1330 5442 1380 5507 cipi
1393 5459 1441 5494 scr.
1454 5442 1581 5507 (similiter
1595 5446 1781 5514 Gotkofredus)

584 5508 745 5575 postulemus
763 5512 973 5577 postulamusque
990 5514 1134 5564 semeleterne
1234 5525 1278 5561 sou
