4800 6400
576 700 643 767 XV
667 704 683 766 1
710 703 836 767 12-16
1272 700 1335 766 804
1624 701 1673 756 Da
1690 700 1867 759 OPERIBVB
1883 702 2039 760 muers

423 872 484 942 xv,
499 874 523 944 ι,
538 872 571 930 12
590 872 653 942 (eea
670 873 730 929 rus
742 873 779 944 s).

664 993 732 1031 mars
756 994 804 1031 ss.
827 993 866 1031 ar>
887 990 1068 1032 ermom
1109 973 1216 1032 Horrea
1237 974 1346 1032 fiscalia
1363 975 1441 1046 apud
1457 974 1555 1033 urbem
1572 975 1692 1035 Romam
1710 996 1763 1036 nec
1785 996 1845 1036 non
1868 978 1958 1037 etiam
1975 979 2035 1037 Por-

578 1067 625 1119 tus
643 1063 673 1118 in
690 1081 757 1118 usus
781 1063 921 1118 translata
945 1062 1070 1133 privatos
1093 1062 1281 1135 cognovimus.
1316 1064 1394 1119 Haeo
1417 1063 1454 1118 ad
1471 1062 1622 1133 pristinum
1635 1103 1723 1120 .....
1742 1064 1930 1122 inferioribus
1948 1067 2035 1125 horra-

579 1167 659 1204 orum
676 1150 816 1206 frumwta
833 1150 995 1216 condantur,
1013 1167 1086 1219 quae
1104 1154 1208 1206 natura
1225 1149 1281 1206 loci
1298 1154 1328 1206 et
1345 1166 1439 1206 umore
1457 1149 1603 1219 vitiantur.
1638 1150 1773 1208 Annonas
1789 1169 1912 1223 quoqne
1931 1153 2034 1211 horreis

580 1236 739 1306 antiquitus
756 1237 908 1307 deputatas
929 1236 981 1293 hos
1001 1237 1147 1294 redhibere
1171 1237 1325 1308 conpedes,
1353 1236 1401 1306 qui
1427 1254 1475 1293 eas
1501 1236 1531 1291 in
1558 1237 1661 1293 damna
1679 1237 1797 1307 publica
1818 1238 1884 1295 ausi
1906 1244 1974 1296 sunt
1992 1257 2033 1296 oc·

580 1339 698 1393 cupere,
722 1341 840 1393 quarum
862 1322 1050 1380 substantiam
1071 1325 1207 1380 enthecas
1229 1323 1329 1395 populi
1350 1323 1470 1380 Romani
1492 1323 1625 1394 proficere
1652 1323 1822 1396 praecipies.
1868 1325 1943 1384 Sane
1969 1344 2034 1397 quos
2065 1340 2075 1378 s

580 1406 706 1464 invenies
727 1408 897 1465 fabricarum
919 1408 1115 1466 destructionis
1138 1413 1279 1476 auctores,
1303 1411 1340 1466 ad
1364 1409 1571 1482 reparationem
1592 1410 1751 1468 necessario
1768 1411 1891 1470 tenebis.
1926 1430 1990 1471 nar.
2006 1431 2034 1469 rr

579 1511 617 1548 m.
635 1511 692 1549 rvr.
711 1511 807 1551 samso
824 1513 890 1551 nrvo
908 1512 1023 1551 menso
1040 1513 1073 1550 ar
1090 1513 1271 1552 vmaosrsuo
1288 1513 1376 1552 sorae

675 1637 699 1687 V

583 1753 803 1824 lbymmschum]
812 1758 977 1825 praefectum
991 1758 1052 1810 serti
1103 1757 1283 1811 inciderunt
1332 1760 1446 1827 sertam
1463 1776 1574 1828 quorum
1634 1760 1759 1813 entheas
1782 1760 1976 1829 Gotdofrsdus,
1995 1780 2035 1817 sa·

584 1826 772 1879 tdiarstatnm
781 1829 916 1879 restituere
926 1829 1035 1880 carabis.
1061 1828 1169 1880 Oursbis
1178 1830 1239 1880 item
1248 1844 1281 1880 ns
1332 1829 1460 1882 tichaeV
1536 1827 1579 1894 553
1596 1830 1722 1898 precipias
1776 1832 1937 1900 ,proripias
1948 1832 1989 1884 7·

584 1897 612 1947 iu
630 1898 747 1963 partibus
836 1894 1000 1949 frethibere
1015 1896 1041 1946 V
1125 1895 1280 1965 dquarum]
1333 1897 1538 1951 diuaenisnsV

428 2064 489 2132 XV,
503 2064 526 2130 1,
540 2062 573 2119 13
590 2066 694 2138 (364[?]
713 2067 773 2123 Iun
788 2068 840 2136 19).

670 2189 738 2227 mms
755 2190 803 2228 sn.
821 2188 979 2227 russonum
998 2189 1062 2227 nvos
1079 2188 1181 2227 namu
1198 2188 1330 2227 marsis.
1365 2172 1398 2226 In
1415 2170 1507 2228 limite
1524 2170 1663 2243 gravitati
1681 2176 1750 2229 tuae
1761 2171 1914 2229 commisso
1926 2176 2036 2245 praeter

584 2275 632 2314 eas
650 2261 747 2324 turres,
766 2275 836 2328 quas
854 2257 931 2314 refici
954 2260 1078 2329 oportet,
1103 2256 1127 2312 si
1144 2257 1217 2313 forte
1234 2256 1382 2329 indigeant
1398 2257 1565 2324 refectione,
1584 2262 1675 2317 turres
1692 2257 1954 2316 administrationis
1970 2263 2035 2317 tem·

584 2362 652 2416 pore
669 2344 819 2414 quotannis
837 2345 907 2401 locis
929 2345 1096 2417 opportunis
1114 2349 1218 2401 extrue.
1255 2343 1377 2408 Quodsi
1395 2344 1479 2400 huius
1497 2345 1642 2417 praecepti
1656 2344 1860 2402 auctoritatem
1870 2345 2035 2419 neglexeris

584 2431 666 2486 finita
683 2429 926 2488 administratione
944 2434 1094 2488 revocatus
1112 2431 1143 2485 in
1161 2429 1282 2488 limitem
1300 2449 1334 2488 ex
1351 2430 1473 2503 propriis
1490 2430 1677 2488 facultatibus
1699 2448 1762 2489 eam
1779 2430 1935 2498 fabricam,
1953 2448 2036 2501 qnam

584 2516 837 2574 administrationis
863 2520 989 2588 tempore
1016 2515 1187 2573 adiumentis
1213 2515 1337 2572 militum
1363 2520 1393 2573 et
1418 2516 1544 2589 inpensis
1570 2517 1706 2575 debueras
1731 2516 1886 2586 fabricare,
1909 2521 2036 2576 estruem
2068 2528 2079 2567 s

592 2602 709 2674 cogeris
745 2620 806 2658 nar.
824 2619 878 2658 xm
895 2619 959 2659 nn
977 2621 1031 2660 rra
1049 2604 1229 2673 nandonsro)
1247 2620 1312 2658 urvo
1330 2619 1446 2660 romae
1462 2620 1496 2659 rr
1513 2605 1713 2676 summisso)
1729 2620 1821 2661 eorm.

681 2745 704 2796 V

589 2865 604 2919 1
624 2866 776 2933 tautomedi]
794 2867 863 2919 idem
878 2867 980 2919 ridm
991 2882 1043 2918 esse
1061 2865 1220 2918 Teretomeres
1236 2881 1286 2916 oa·
1339 2864 1570 2918 administrationis
1587 2861 1710 2932 tempore]
1722 2881 1772 2918 sor.
1784 2872 1848 2918 tuas
1864 2870 1920 2918 tres
1932 2862 2038 2917 admini-

590 2937 658 2989 tiorrs
676 2936 798 2989 stanam
810 2945 944 3002 protector
957 2936 1108 2988 amem
1120 2933 1288 3000 (Asnam
1338 2935 1471 2986 strationis
1483 2942 1595 3002 tempore
1681 2932 1699 2986 3
1715 2934 1863 3001 quodannis
1875 2933 1904 2984 V
1968 2950 2038 3003 opor·

589 3008 665 3071 aas,
679 3010 712 3058 10
731 3006 768 3058 ad
785 3023 810 3058 a.
821 3003 902 3071 364),·
920 3005 988 3058 idem
1004 3021 1098 3057 oomsss
1117 3000 1288 3073 Τευτομήρης
1339 3005 1410 3056 tuuis
1422 3004 1447 3054 V
1511 3004 1529 3056 5
1546 2999 1677 3072 impensis]
1695 3004 1819 3072 impensis
1836 3002 2039 3071 publiuisSssrl

592 3076 721 3142 reperitur
738 3075 811 3141 opud
823 3074 961 3127 Blossium
972 3091 1012 3139 ep.
1024 3077 1091 3127 1288
1142 3070 1186 3139 als
1203 3080 1288 3126 turres
1373 3072 1391 3126 6
1407 3089 1436 3126 co
1454 3073 1495 3126 dis
1513 3072 1711 3126 Valentinianum
1726 3088 1780 3126 aea
1794 3071 1850 3140 piar
1866 3071 2016 3126 Mediolani

435 3252 495 3319 XV,
509 3251 533 3317 1,
548 3251 579 3305 ll
597 3246 660 3316 (365
678 3248 736 3301 Ian.
751 3247 785 3315 l).

676 3368 744 3406 mins
762 3369 809 3405 aa
828 3366 866 3404 sn
878 3366 1061 3405 namanes!
1077 3350 1278 3419 Ammaous-u)
1291 3350 1474 3418 daturums.
1509 3345 1769 3418 Praesumptionem
1779 3344 1909 3403 iudicum
1921 3345 2039 3405 ulterius

593 3438 780 3512 prohibemus,
799 3437 848 3507 qui
866 3436 896 3492 in
913 3437 1084 3494 eversionem
1102 3436 1263 3493 abditorum
1281 3436 1447 3507 oppidorum
1463 3435 1634 3505 metropoles
1651 3433 1696 3489 vel
1714 3431 1961 3503 splendidissimas
1972 3431 2038 3489 ciri·

592 3528 668 3583 tates
686 3542 783 3581 ornare
801 3540 830 3580 se
848 3523 958 3595 lingunt
969 3524 1223 3580 transferendorum
1235 3521 1377 3595 signorum
1389 3522 1435 3579 vel
1446 3538 1614 3577 marmorum
1625 3520 1672 3576 vel
1684 3519 1878 3575 columnarum
1888 3519 2038 3577 materiam

588 3610 770 3682 requirentes.
807 3608 887 3673 Quod
906 3611 972 3678 post
989 3609 1081 3680 legem
1098 3612 1223 3664 nostram
1242 3607 1301 3664 sine
1318 3624 1410 3678 poena
1426 3606 1576 3663 admittere
1593 3622 1649 3661 non
1666 3604 1773 3670 licebit,
1791 3604 1964 3676 praesertim
1975 3623 2038 3662 cum

588 3716 679 3768 neque
696 3714 799 3753 novam
818 3694 952 3752 constitui
971 3694 1107 3751 fabricam
1125 3692 1294 3759 iusserimus,
1312 3697 1464 3763 antequam
1476 3696 1573 3750 vetera
1589 3693 1781 3757 reformentur,
1799 3694 1837 3757 et,
1856 3690 1881 3746 si
1900 3693 1972 3749 adeo
1990 3690 2038 3747 ali·
2070 3710 2080 3748 s

591 3786 659 3855 quid
682 3784 767 3840 fuerit
785 3783 985 3849 inchoandum,
1004 3783 1041 3836 ab
1059 3782 1123 3836 aliis
1142 3780 1308 3836 civitatibus
1326 3779 1475 3836 conveniat
1496 3778 1656 3849 temperari.
1692 3796 1753 3833 aar.
1772 3795 1837 3833 nr.
1856 3795 1916 3833 mn.
1935 3781 2036 3849 madro

589 3874 672 3942 asro)
689 3872 917 3938 mammiano
935 3888 968 3924 ar
985 3885 1109 3926 vanam
1126 3885 1215 3922 conss.

684 4014 707 4064 V

590 4120 607 4173 2
625 4115 787 4186 metropoles]
808 4116 996 4184 Gotlrosredus,
1018 4115 1156 4183 petropolis
1176 4115 1198 4163 V
1338 4120 1440 4165 mentur
1457 4112 1499 4163 V·

590 4191 607 4242 3
625 4192 732 4241 materia
748 4188 773 4237 V
872 4186 889 4235 5
907 4180 1086 4251 reformentur]
1104 4183 1150 4247 Vb,
1173 4185 1285 4236 sessus-r·

1830 4281 2035 4293 —————-

436 4361 579 4428 xv,1,15
596 4360 657 4428 (365
676 4358 741 4413 see.
755 4357 805 4427 re).

677 4479 743 4516 roms
762 4480 809 4517 ss.
829 4478 866 4514 an
884 4476 1067 4514 nancourrvu.
1107 4458 1163 4512 Lex
1181 4457 1373 4512 sancientibus
1390 4456 1471 4511 nobis
1488 4461 1589 4527 rogata
1606 4458 1663 4521 est,
1682 4472 1753 4524 quae
1772 4453 1879 4508 iudices
1899 4468 1993 4507 omnes
2010 4452 2037 4505 et

589 4555 709 4605 rectores
728 4547 934 4620 provinciarum
952 4546 1043 4601 edicto
1061 4563 1111 4599 suo
1129 4544 1220 4613 adque
1239 4544 1409 4600 auctoritate
1433 4544 1546 4598 cohibet
1570 4542 1679 4611 aliquid
1701 4539 1766 4596 novi
1789 4538 1883 4609 operis
1902 4538 2036 4608 adripere.

591 4635 755 4708 priusquam
773 4652 815 4700 ca,
834 4651 906 4702 quae
926 4632 1002 4687 victa
1021 4631 1097 4687 senio
1110 4630 1280 4695 fatiscerent,
1293 4633 1463 4700 repararent.
1500 4630 1577 4693 Quae
1589 4646 1662 4684 nuno
1674 4627 1761 4684 ctiam
1772 4625 1945 4682 credidimus
1962 4640 2037 4693 repe·

591 4723 684 4777 tenda
720 4738 782 4775 nar.
800 4736 864 4773 xnn
882 4736 945 4772 aas.
964 4736 1030 4771 una.
1049 4719 1225 4786 sunbonauo)
1245 4735 1450 4772 vamurmmro
1468 4735 1500 4771 nu
1519 4733 1642 4772 vannum
1659 4732 1706 4769 ss.
1725 4729 1814 4769 cossa

685 4863 710 4914 V

591 4969 609 5021 3
627 4970 788 5020 factiscereut
803 4967 827 5017 V

438 5143 498 5209 xv,
513 5145 535 5210 1,
550 5143 582 5198 rc
601 5139 662 5206 (305
681 5139 762 5193 uest.
777 5139 828 5205 15).

678 5259 744 5297 rosis
763 5260 809 5295 aa.
829 5258 867 5294 an
885 5257 1068 5295 numurus!
1086 5243 1283 5309 rtuausscrvu)
1302 5242 1482 5309 deserendo.
1520 5239 1642 5295 Censura
1654 5242 1706 5293 tua
1717 5237 1790 5291 hauc
1802 5234 1945 5290 iudicibus
1957 5234 2039 5289 liceu-

593 5330 664 5384 tiam
681 5328 795 5398 penitus
813 5327 985 5397 amputabit,
1004 5346 1037 5382 ue
1057 5328 1164 5396 aliquid
1182 5328 1324 5384 novellum
1341 5328 1542 5397 adgrediuntur
1553 5344 1623 5395 opus
1638 5327 1764 5380 veterum
1782 5320 1944 5377 inlustrium
1956 5319 2039 5377 fabri·

594 5504 609 5556 l
628 5501 705 5570 hanc]
725 5504 908 5570 Gothosrcdus,
925 5520 955 5555 ac
970 5500 994 5553 V
