4800 6400
510 723 825 780 mummmmm
1204 727 1262 792 sm
1693 726 1955 798 Rutu-m

393 895 418 961 l,
432 895 455 961 l,
468 894 504 950 34
522 896 584 966 (342
603 896 669 967 Apr.
681 896 717 968 8).

596 1018 664 1055 mn
681 1019 728 1056 as.
747 1017 785 1055 aa
803 1016 965 1055 auanrrvrr
984 1001 1159 1069 mammen)
1178 1002 1438 1069 armeniamque.
1475 1001 1541 1067 Eos,
1559 1001 1608 1071 qni
1627 1001 1780 1059 curialibus
1797 1005 1957 1061 muneribus

512 1087 625 1143 obnoxii
643 1086 799 1143 honorariis
816 1086 1006 1157 dignitatibus
1025 1087 1162 1158 gaudem,
1181 1086 1261 1142 iuxta
1279 1086 1371 1159 legem
1388 1091 1514 1144 nostram
1535 1093 1642 1145 remoto
1660 1091 1713 1146 hoc
1732 1090 1890 1161 patrocinio
1908 1110 1958 1161 pu-

510 1170 594 1228 blicis
621 1172 798 1228 utilitatibus
824 1171 954 1228 oboedire
982 1191 1015 1227 ac
1042 1172 1205 1229 satisfacere
1234 1172 1384 1243 prodentia
1411 1177 1462 1229 tua
1491 1175 1631 1231 decernat.
1675 1193 1736 1232 nar.
1756 1195 1785 1232 v1
1808 1195 1844 1233 ru.
1867 1195 1957 1234 aram.

511 1275 678 1314 annosum
695 1275 862 1314 cossrssrro
880 1277 912 1313 m
930 1276 962 1312 ar
979 1275 1132 1314 oorsrsrrs
1149 1277 1171 1314 11
1189 1277 1236 1314 ss.
1255 1276 1343 1314 corsa

602 1435 627 1485 V

511 1555 526 1608 l
544 1542 665 1625 au-g-tnios
681 1574 725 1610 eos
741 1556 774 1608 V:
791 1557 878 1610 nicaea
896 1559 967 1609 ciues
985 1558 1108 1626 praecipit
1126 1558 1205 1611 estol.
1227 1558 1282 1610 Vat.
1353 1557 1370 1611 3
1388 1561 1531 1627 patrocinio
1546 1559 1572 1611 V

392 1729 418 1793 11,
432 1728 456 1793 l,
470 1727 504 1781 35
523 1729 586 1796 (343
605 1729 663 1784 lun.
677 1730 728 1798 27).

598 1850 664 1887 mu
686 1851 733 1887 as.
758 1850 871 1887 monuo
893 1835 1069 1903 mammone)
1094 1836 1277 1903 mamerano.
1320 1837 1427 1892 lterata
1449 1836 1512 1907 lege
1535 1836 1686 1902 sancimus,
1715 1840 1748 1892 ut
1766 1839 1960 1894 veteranorum

511 1918 570 1983 filii,
589 1917 696 1989 sipost
713 1919 833 1975 sedecim
852 1937 938 1975 annos
956 1919 1077 1976 militias
1095 1939 1196 1976 munus
1213 1921 1308 1977 subire
1324 1940 1379 1977 non
1398 1922 1508 1993 possint
1527 1924 1571 1979 vel
1585 1923 1670 1979 armis
1690 1923 1835 1995 gestandis
1850 1924 1960 1980 habiles

513 2022 568 2060 non
586 2004 718 2070 existant,
737 2005 821 2060 curiis
838 2006 1045 2076 mancipentur.
1081 2024 1142 2062 nar.
1162 2025 1180 2063 v
1198 2025 1263 2063 ns.
1282 2026 1336 2064 ivn.
1355 2026 1503 2064 massoni
1521 2026 1636 2064 maome
1653 2027 1686 2064 rr
1703 2027 1810 2066 sonmo
1828 2026 1915 2066 conss.

604 2182 633 2234 V.
651 2209 684 2219 -
701 2183 837 2234 GEMINA
848 2180 885 2249 (l)
904 2181 928 2249 7,
940 2180 983 2249 33,
993 2181 1019 2235 4.

512 2301 529 2357 3
545 2304 644 2371 romylo
661 2302 687 2352 V
1492 2320 1508 2349 ι

393 2483 419 2548 21,
433 2482 456 2547 1.
469 2479 503 2536 36
520 2475 582 2544 (343
600 2475 658 2529 lun.
671 2475 725 2542 30)-

601 2596 667 2632 mm
685 2597 732 2633 ss.
750 2596 789 2632 nn
807 2595 946 2633 smmis.
983 2577 1113 2634 Universi
1126 2579 1238 2635 omnino
1252 2597 1286 2636 ex
1299 2578 1449 2635 comitibus
1462 2580 1553 2636 velex
1572 2579 1754 2650 praesidibus,
1767 2579 1816 2649 qui
1828 2580 1961 2652 sutlragio

513 2663 692 2736 perceperint
709 2663 873 2735 dignitates,
892 2663 1024 2719 civilibus
1049 2664 1178 2721 oneribus
1200 2665 1416 2736 muneribusque
1439 2670 1589 2723 teneantur
1612 2667 1754 2733 adstricti,
1810 2673 1961 2741 ‘'ffi-

516 2751 672 2822 'plebeiam
690 2767 800 2820 quoque
813 2751 970 2807 sustineant
982 2751 1208 2822 capitationem⁴,
1227 2771 1262 2809 ne
1281 2753 1554 2824 commodapublica
1571 2771 1634 2809 cum
1645 2754 1755 2809 umbra·
1826 2756 1836 2778 *
1861 2757 1871 2780 ⁴
1889 2776 1939 2810 om.

512 2837 559 2892 tili
577 2836 772 2908 suffragiorum
789 2837 922 2906 pactione
940 2838 1106 2894 lacerentur.
1140 2839 1196 2894 Eos
1213 2842 1309 2895 tamen
1321 2857 1339 2895 a
1352 2839 1506 2910 praedictis
1518 2838 1648 2895 oneribus
1660 2838 1753 2910 excipi

513 2924 668 2996 oportebit,
692 2923 740 2993 qui
761 2925 821 2980 'vel
847 2924 876 2979 in
900 2923 1144 2981 administratione
1164 2926 1223 2982 vel⁴
1243 2925 1273 2981 in
1299 2925 1491 2998 legationibus
1508 2924 1632 2997 publicis
1650 2925 1754 2980 versati
1825 2927 1835 2950 *
1859 2930 1869 2953 ⁴
1889 2948 1937 2982 om.

513 3014 585 3074 sunt,
598 3014 609 3079 (Ι
621 3008 664 3064 ita
682 3013 721 3073 ut,
740 3011 764 3064 si
782 3011 845 3079 quis
863 3015 961 3066 contra
978 3009 1161 3067 interdictum
1179 3011 1251 3083 legis
1268 3018 1380 3069 nostrae
1399 3013 1590 3084 precationem
1608 3013 1752 3079 obtulerit,
1806 2998 1959 3080 ‚ilfi—'²—

404 3166 409 3178 '
512 3096 573 3153 eius
591 3096 791 3167 patrimonium
813 3096 872 3151 fisci
896 3097 983 3152 nostri
1007 3097 1113 3153 viribus
1139 3098 1269 3168 protinus
1288 3098 1454 3156 vindicetur.
1491 3116 1553 3154 nar.
1572 3116 1644 3154 ram.
1663 3102 1962 3170 m.1vu.rnav(1n1s)

513 3202 629 3240 memo
647 3202 679 3239 nr
697 3202 805 3240 nomo
823 3202 912 3242 sousa.

608 3358 940 3427 u-wmmma

516 3478 592 3549 lai]
611 3482 668 3532 iV
714 3479 857 3547 Titianum]
876 3481 969 3532 adlice!
983 3485 1037 3544 ῇῑο
1106 3477 1210 3547 doum]
1265 3478 1409 3534 ltriueros
1426 3481 1452 3532 V
1516 3479 1691 3546 8romyloV

521 3549 561 3600 V¹
573 3550 647 3615 Ima,
664 3553 713 3602 sub
730 3552 767 3601 V²
826 3550 843 3602 4
861 3548 913 3616 eos]
934 3549 970 3600 V‘
984 3548 1056 3614 Irus,
1077 3566 1120 3601 sas
1139 3550 1175 3598 7ι

1250 3658 1436 3665 --.
1443 3658 1746 3666 -————-—-—-
1756 3661 1961 3670 *—

392 3736 421 3800 [1‚
435 3736 459 3800 1,
471 3733 505 3788 37
522 3721 584 3791 (344
601 3722 666 3776 Mai.
679 3722 732 3791 28).

600 3845 666 3882 mu
684 3846 732 3882 as.
750 3844 789 3880 sn
808 3842 946 3880 rmornw
964 3825 1159 3895 aalma)
1184 3825 1369 3893 emimonto.
1406 3824 1526 3880 Cautum
1543 3828 1594 3891 est,
1613 3830 1654 3892 ut,
1672 3826 1840 3897 quicumque
1858 3828 1913 3883 orti
1931 3846 1964 3884 ex

514 3913 709 3970 decurionibus
727 3931 786 3968 sese
804 3913 841 3968 ad
858 3912 991 3967 militiam
1014 3912 1211 3976 contulissent,
1236 3912 1265 3966 in
1288 3911 1510 3980 quibuscumque
1535 3911 1684 3982 stipendiis
1703 3913 1868 3984 deprehensi
1886 3915 1965 3970 nulla

514 4000 624 4056 absolvi
642 4000 842 4071 praerogativa
864 3999 997 4069 temporis
1026 3999 1145 4069 possint,
1170 4000 1219 4053 sed
1238 3997 1382 4055 ordinibus
1406 4017 1475 4067 quos
1497 3997 1669 4067 reliquerant
1687 4000 1870 4055 traderentur.
1905 4001 1965 4057 Hoc

514 4090 544 4143 et
570 4087 599 4141 in
627 4086 844 4141 calcariensibus
871 4091 900 4141 et
928 4086 1131 4142 fabricensibus
1155 4090 1185 4141 et
1207 4085 1375 4157 argentariis
1397 4087 1572 4151 observetur,
1596 4089 1639 4150 ut,
1663 4085 1832 4156 quicumque
1851 4088 1963 4145 obnoxii
2059 4147 2063 4160 1

515 4173 614 4230 officiis
641 4172 685 4227 vel
703 4172 862 4227 muneribus
880 4172 1011 4227 civilibus
1029 4191 1062 4228 ex
1081 4191 1166 4245 supra
1183 4172 1268 4228 dictis
1286 4172 1401 4227 fabricis
1418 4172 1534 4237 fuerint,
1554 4172 1647 4228 curiae
1665 4172 1791 4230 restituti
1809 4191 1859 4229 nec
1878 4172 1964 4244 impe·
2068 4221 2071 4230 .

518 4264 594 4315 trato
612 4259 748 4315 rescribto
769 4260 929 4315 liberentur.
966 4277 1028 4316 nar.
1047 4278 1064 4314 v
1082 4277 1146 4314 sss.
1164 4277 1260 4314 rvnras
1278 4276 1389 4314 monuo
1406 4277 1439 4313 aa
1456 4275 1600 4314 ssmvsno
1617 4276 1706 4315 conss.

611 4436 636 4486 ν

536 4555 672 4626 fflw

392 4728 738 4802 mmmmm

606 4852 673 4888 marr
692 4852 737 4887 as.
757 4851 795 4887 sn
813 4850 972 4887 snsrourvrr
990 4835 1189 4899 1³(nssreorvir)
1206 4833 1388 4901 mamerano.
1425 4831 1561 4894 Quoniam
1580 4832 1706 4887 nonnulli
1724 4832 1807 4887 curiis
1825 4833 1966 4889 derelictis

518 4920 732 4977 domesticorum
758 4938 806 4973 seu
833 4921 1023 4987 protectorum
1051 4936 1080 4973 se
1104 4916 1243 4973 consortio
1272 4918 1451 4986 copularunt,
1479 4917 1601 4972 scholari
1624 4917 1711 4973 etiam
1733 4918 1848 4987 quidam
1865 4936 1965 4975 nomen

519 5008 655 5062 dederunt
672 5005 794 5060 militiae
812 5010 862 5058 aut
881 5003 1016 5073 palatinis
1034 5006 1099 5057 sunt
1117 5002 1217 5057 officiis
1235 5003 1392 5074 adgregati,
1411 5007 1527 5058 cunctos
1545 5003 1672 5058 iubemus
1690 5004 1765 5059 omni
1783 5005 1965 5061 frustratione

519 5096 649 5149 submota
667 5094 704 5147 ad
722 5091 813 5147 curias
837 5090 971 5146 revocari.
1006 5090 1050 5144 Ne
1078 5093 1173 5144 tamen
1190 5088 1387 5145 diuturnitatis
1414 5089 1487 5145 ratio
1513 5089 1641 5145 videatur
1663 5108 1723 5146 esse
1744 5092 1882 5162 neglecta,
1906 5092 1965 5161 qui-

519 5198 638 5249 cumque
660 5180 711 5233 sub
734 5177 819 5233 armis
843 5177 963 5233 militiae
988 5194 1086 5230 munus
1109 5175 1293 5231 comitatense
1316 5175 1473 5240 subierunt,
1497 5176 1520 5230 si
1545 5178 1662 5232 necdum
1681 5176 1804 5247 quinque
1821 5177 1964 5249 stipendia
2003 5193 2015 5234 a

521 5268 731 5338 compleverunt
752 5283 803 5320 nec
826 5282 877 5334 pro
900 5263 1016 5334 publica
1034 5261 1192 5318 defensione
1211 5260 1327 5333 proeliis
1345 5262 1506 5326 adfuerunt,
1530 5262 1689 5318 reddantur.
1726 5262 1780 5325 Qui
1805 5281 1870 5320 vero
1888 5265 1965 5335 pala-

520 5352 575 5409 tini
593 5353 712 5408 nominis
731 5352 894 5422 praeferunt
912 5348 1090 5420 dignitatem,
1109 5347 1131 5402 si
1152 5348 1285 5404 curialem
1305 5349 1423 5404 trahunt
1435 5348 1579 5420 originem,
1594 5348 1669 5404 infra
1686 5352 1731 5405 tot
1748 5366 1835 5405 annos
1847 5350 1966 5408 militiae

522 5529 537 5581 1
555 5529 601 5599 ai]
619 5534 636 5584 a
652 5531 674 5582 V
741 5531 758 5583 ‘2
775 5529 896 5597 scholari]
918 5527 1101 5595 Gottasredus,
1119 5529 1223 5580 scolarii
1239 5527 1265 5578 V
1329 5526 1344 5579 'i
1363 5530 1531 5595 praefuerunt
1546 5526 1578 5579 7ι
