<?xml version="1.0" encoding="UTF-8"?>
<!DOCTYPE html PUBLIC "-//W3C//DTD XHTML 1.0 Transitional//EN"
    "http://www.w3.org/TR/xhtml1/DTD/xhtml1-transitional.dtd">
<html xmlns="http://www.w3.org/1999/xhtml" xml:lang="en" lang="en">
 <head>
  <title>
</title>
<meta http-equiv="Content-Type" content="text/html;charset=utf-8" />
  <meta name='ocr-system' content='tesseract 3.04.00' />
  <meta name='ocr-capabilities' content='ocr_page ocr_carea ocr_par ocr_line ocrx_word'/>
</head>
<body>
  <div class='ocr_page' id='page_1' title='image "./theodosianilibr01sirmgoog_0688.png"; bbox 0 0 4800 6400; ppageno 0'>
   <div class='ocr_carea' id='block_1_1' title="bbox 388 723 1827 794">
    <p class='ocr_par' dir='ltr' id='par_1_1' title="bbox 388 723 1827 794">
     <span class='ocr_line' id='line_1_1' title="bbox 388 723 1827 794; baseline 0.006 -12"><span class='ocrx_word' id='word_1_1' title='bbox 388 731 435 782; x_wconf 84' lang='lat' dir='ltr'><strong>aa</strong></span> <span class='ocrx_word' id='word_1_2' title='bbox 450 728 701 782; x_wconf 78' lang='lat' dir='ltr'><strong>nscvmoruevs</strong></span> <span class='ocrx_word' id='word_1_3' title='bbox 1078 729 1139 794; x_wconf 77' lang='lat' dir='ltr'><strong>aar</strong></span> <span class='ocrx_word' id='word_1_4' title='bbox 1577 723 1646 790; x_wconf 85' lang='lat' dir='ltr'><strong>XII</strong></span> <span class='ocrx_word' id='word_1_5' title='bbox 1671 727 1686 788; x_wconf 82' lang='lat' dir='ltr'><strong>l</strong></span> <span class='ocrx_word' id='word_1_6' title='bbox 1711 729 1762 790; x_wconf 84' lang='grc'><strong>74.</strong></span> <span class='ocrx_word' id='word_1_7' title='bbox 1786 729 1827 790; x_wconf 80' lang='grc'><strong>75</strong></span> 
     </span>
    </p>
   </div>
   <div class='ocr_carea' id='block_1_2' title="bbox 387 894 1880 1325">
    <p class='ocr_par' dir='ltr' id='par_1_2' title="bbox 387 894 1880 1325">
     <span class='ocr_line' id='line_1_2' title="bbox 387 894 1828 967; baseline -0.002 -13"><span class='ocrx_word' id='word_1_8' title='bbox 387 899 439 954; x_wconf 90' lang='lat' dir='ltr'><strong>bns</strong></span> <span class='ocrx_word' id='word_1_9' title='bbox 457 903 487 955; x_wconf 89' lang='lat' dir='ltr'><strong>et</strong></span> <span class='ocrx_word' id='word_1_10' title='bbox 504 898 556 953; x_wconf 89' lang='lat' dir='ltr'><strong>filii</strong></span> <span class='ocrx_word' id='word_1_11' title='bbox 574 899 671 956; x_wconf 91' lang='lat' dir='ltr'><strong>subole</strong></span> <span class='ocrx_word' id='word_1_12' title='bbox 694 897 775 954; x_wconf 91' lang='lat' dir='ltr'><strong>nixus</strong></span> <span class='ocrx_word' id='word_1_13' title='bbox 795 896 894 964; x_wconf 83' lang='lat' dir='ltr'><strong>fuerit,</strong></span> <span class='ocrx_word' id='word_1_14' title='bbox 916 916 1000 967; x_wconf 89' lang='lat' dir='ltr'><strong>quem</strong></span> <span class='ocrx_word' id='word_1_15' title='bbox 1021 896 1160 954; x_wconf 88' lang='lat' dir='ltr'><strong>senatorio</strong></span> <span class='ocrx_word' id='word_1_16' title='bbox 1183 897 1300 953; x_wconf 84' lang='lat' dir='ltr'>necdum</span> <span class='ocrx_word' id='word_1_17' title='bbox 1322 895 1439 967; x_wconf 90' lang='lat' dir='ltr'><strong>indepto</strong></span> <span class='ocrx_word' id='word_1_18' title='bbox 1461 895 1564 952; x_wconf 89' lang='lat' dir='ltr'><strong>honore</strong></span> <span class='ocrx_word' id='word_1_19' title='bbox 1583 896 1720 967; x_wconf 77' lang='lat' dir='ltr'><strong>suscepit,</strong></span> <span class='ocrx_word' id='word_1_20' title='bbox 1738 894 1828 952; x_wconf 85' lang='lat' dir='ltr'><strong>filium</strong></span> 
     </span>
     <span class='ocr_line' id='line_1_3' title="bbox 388 982 1828 1057; baseline -0.005 -14"><span class='ocrx_word' id='word_1_21' title='bbox 388 1005 468 1043; x_wconf 88' lang='lat' dir='ltr'><strong>suum</strong></span> <span class='ocrx_word' id='word_1_22' title='bbox 490 986 584 1044; x_wconf 89' lang='lat' dir='ltr'><strong>curiae</strong></span> <span class='ocrx_word' id='word_1_23' title='bbox 606 986 796 1042; x_wconf 85' lang='lat' dir='ltr'><strong>functionibus</strong></span> <span class='ocrx_word' id='word_1_24' title='bbox 813 985 922 1050; x_wconf 70' lang='lat' dir='ltr'><strong>medat,</strong></span> <span class='ocrx_word' id='word_1_25' title='bbox 940 986 1000 1056; x_wconf 89' lang='lat' dir='ltr'><strong>ipse</strong></span> <span class='ocrx_word' id='word_1_26' title='bbox 1022 988 1122 1057; x_wconf 90' lang='lat' dir='ltr'><strong>optata</strong></span> <span class='ocrx_word' id='word_1_27' title='bbox 1143 984 1346 1041; x_wconf 71' lang='lat' dir='ltr'><strong>clarissimatus</strong></span> <span class='ocrx_word' id='word_1_28' title='bbox 1369 983 1509 1056; x_wconf 74' lang='lat' dir='ltr'><strong>dignitate</strong></span> <span class='ocrx_word' id='word_1_29' title='bbox 1534 983 1669 1055; x_wconf 90' lang='lat' dir='ltr'><strong>potiatur.</strong></span> <span class='ocrx_word' id='word_1_30' title='bbox 1706 982 1828 1046; x_wconf 85' lang='lat' dir='ltr'><strong>Quodsi</strong></span> 
     </span>
     <span class='ocr_line' id='line_1_4' title="bbox 387 1069 1828 1145; baseline -0.002 -16"><span class='ocrx_word' id='word_1_31' title='bbox 387 1073 414 1129; x_wconf 89' lang='lat' dir='ltr'><strong>ei</strong></span> <span class='ocrx_word' id='word_1_32' title='bbox 431 1073 544 1145; x_wconf 89' lang='lat' dir='ltr'><strong>gemina</strong></span> <span class='ocrx_word' id='word_1_33' title='bbox 567 1073 613 1128; x_wconf 86' lang='lat' dir='ltr'><strong>vel</strong></span> <span class='ocrx_word' id='word_1_34' title='bbox 635 1090 781 1129; x_wconf 89' lang='lat' dir='ltr'><strong>numerosa</strong></span> <span class='ocrx_word' id='word_1_35' title='bbox 803 1072 914 1127; x_wconf 82' lang='lat' dir='ltr'><strong>suboles</strong></span> <span class='ocrx_word' id='word_1_36' title='bbox 938 1071 1004 1136; x_wconf 86' lang='lat' dir='ltr'><strong>erit,</strong></span> <span class='ocrx_word' id='word_1_37' title='bbox 1027 1077 1095 1128; x_wconf 90' lang='lat' dir='ltr'><strong>tunc</strong></span> <span class='ocrx_word' id='word_1_38' title='bbox 1112 1071 1261 1128; x_wconf 70' lang='lat' dir='ltr'><strong>dmcmmsu</strong></span> <span class='ocrx_word' id='word_1_39' title='bbox 1278 1074 1426 1143; x_wconf 84' lang='lat' dir='ltr'><strong>promptae</strong></span> <span class='ocrx_word' id='word_1_40' title='bbox 1448 1071 1553 1127; x_wconf 89' lang='lat' dir='ltr'><strong>dudum</strong></span> <span class='ocrx_word' id='word_1_41' title='bbox 1570 1069 1673 1126; x_wconf 85' lang='lat' dir='ltr'><strong>divalis</strong></span> <span class='ocrx_word' id='word_1_42' title='bbox 1691 1070 1764 1143; x_wconf 86' lang='lat' dir='ltr'><strong>legis</strong></span> <span class='ocrx_word' id='word_1_43' title='bbox 1781 1071 1828 1126; x_wconf 92' lang='lat' dir='ltr'><strong>ad-</strong></span> 
     </span>
     <span class='ocr_line' id='line_1_5' title="bbox 387 1157 1829 1231; baseline 0 -16"><span class='ocrx_word' id='word_1_44' title='bbox 387 1160 539 1217; x_wconf 87' lang='lat' dir='ltr'><strong>hibendum</strong></span> <span class='ocrx_word' id='word_1_45' title='bbox 561 1163 615 1226; x_wconf 90' lang='lat' dir='ltr'><strong>est,</strong></span> <span class='ocrx_word' id='word_1_46' title='bbox 638 1165 671 1216; x_wconf 89' lang='lat' dir='ltr'><strong>ut</strong></span> <span class='ocrx_word' id='word_1_47' title='bbox 694 1160 728 1216; x_wconf 88' lang='lat' dir='ltr'><strong>de</strong></span> <span class='ocrx_word' id='word_1_48' title='bbox 751 1159 859 1215; x_wconf 87' lang='lat' dir='ltr'><strong>duobus</strong></span> <span class='ocrx_word' id='word_1_49' title='bbox 881 1158 941 1215; x_wconf 88' lang='lat' dir='ltr'><strong>eius</strong></span> <span class='ocrx_word' id='word_1_50' title='bbox 963 1158 1060 1216; x_wconf 88' lang='lat' dir='ltr'><strong>liberis</strong></span> <span class='ocrx_word' id='word_1_51' title='bbox 1084 1164 1134 1215; x_wconf 90' lang='lat' dir='ltr'><strong>aut</strong></span> <span class='ocrx_word' id='word_1_52' title='bbox 1152 1158 1281 1230; x_wconf 85' lang='lat' dir='ltr'><strong>pluribus</strong></span> <span class='ocrx_word' id='word_1_53' title='bbox 1298 1157 1432 1215; x_wconf 87' lang='lat' dir='ltr'><strong>sortiendi</strong></span> <span class='ocrx_word' id='word_1_54' title='bbox 1449 1157 1531 1216; x_wconf 85' lang='lat' dir='ltr'><strong>unius</strong></span> <span class='ocrx_word' id='word_1_55' title='bbox 1549 1157 1602 1213; x_wconf 83' lang='lat' dir='ltr'><strong>lilii</strong></span> <span class='ocrx_word' id='word_1_56' title='bbox 1623 1158 1661 1214; x_wconf 90' lang='lat' dir='ltr'><strong>ad</strong></span> <span class='ocrx_word' id='word_1_57' title='bbox 1677 1157 1829 1231; x_wconf 78' lang='lat' dir='ltr'><strong>collegium</strong></span> 
     </span>
     <span class='ocr_line' id='line_1_6' title="bbox 387 1244 1880 1325; baseline -0.001 -21"><span class='ocrx_word' id='word_1_58' title='bbox 387 1251 500 1304; x_wconf 84' lang='lat' dir='ltr'><strong>senatus</strong></span> <span class='ocrx_word' id='word_1_59' title='bbox 517 1247 623 1303; x_wconf 89' lang='lat' dir='ltr'><strong>habeat</strong></span> <span class='ocrx_word' id='word_1_60' title='bbox 641 1246 792 1325; x_wconf 79' lang='lat' dir='ltr'><strong>optionem,</strong></span> <span class='ocrx_word' id='word_1_61' title='bbox 810 1244 852 1302; x_wconf 88' lang='lat' dir='ltr'><strong>ita</strong></span> <span class='ocrx_word' id='word_1_62' title='bbox 869 1250 903 1302; x_wconf 91' lang='lat' dir='ltr'><strong>ut</strong></span> <span class='ocrx_word' id='word_1_63' title='bbox 920 1245 955 1311; x_wconf 91' lang='lat' dir='ltr'><strong>ei,</strong></span> <span class='ocrx_word' id='word_1_64' title='bbox 973 1245 1023 1316; x_wconf 90' lang='lat' dir='ltr'><strong>qui</strong></span> <span class='ocrx_word' id='word_1_65' title='bbox 1039 1264 1103 1301; x_wconf 91' lang='lat' dir='ltr'><strong>cum</strong></span> <span class='ocrx_word' id='word_1_66' title='bbox 1119 1250 1202 1318; x_wconf 89' lang='lat' dir='ltr'><strong>patre</strong></span> <span class='ocrx_word' id='word_1_67' title='bbox 1220 1246 1265 1303; x_wconf 85' lang='lat' dir='ltr'><strong>vel</strong></span> <span class='ocrx_word' id='word_1_68' title='bbox 1283 1249 1348 1316; x_wconf 88' lang='lat' dir='ltr'><strong>post</strong></span> <span class='ocrx_word' id='word_1_69' title='bbox 1369 1248 1480 1317; x_wconf 88' lang='lat' dir='ltr'><strong>patrem</strong></span> <span class='ocrx_word' id='word_1_70' title='bbox 1504 1246 1541 1301; x_wconf 92' lang='lat' dir='ltr'><strong>ad</strong></span> <span class='ocrx_word' id='word_1_71' title='bbox 1564 1244 1733 1302; x_wconf 85' lang='lat' dir='ltr'><strong>consortium</strong></span> <span class='ocrx_word' id='word_1_72' title='bbox 1751 1264 1829 1303; x_wconf 87' lang='lat' dir='ltr'><strong>sena·</strong></span> <span class='ocrx_word' id='word_1_73' title='bbox 1868 1274 1880 1314; x_wconf 58' lang='grc' dir='ltr'>ι</span> 
     </span>
    </p>
   </div>
   <div class='ocr_carea' id='block_1_3' title="bbox 351 1330 1900 3571">
    <p class='ocr_par' dir='ltr' id='par_1_3' title="bbox 387 1330 1828 1578">
     <span class='ocr_line' id='line_1_7' title="bbox 388 1330 1828 1409; baseline 0.001 -20"><span class='ocrx_word' id='word_1_74' title='bbox 388 1337 434 1389; x_wconf 89' lang='lat' dir='ltr'><strong>tus</strong></span> <span class='ocrx_word' id='word_1_75' title='bbox 460 1333 582 1404; x_wconf 85' lang='lat' dir='ltr'><strong>legetur,</strong></span> <span class='ocrx_word' id='word_1_76' title='bbox 609 1332 745 1389; x_wconf 89' lang='lat' dir='ltr'><strong>divisione</strong></span> <span class='ocrx_word' id='word_1_77' title='bbox 772 1350 836 1388; x_wconf 91' lang='lat' dir='ltr'><strong>cum</strong></span> <span class='ocrx_word' id='word_1_78' title='bbox 858 1332 992 1388; x_wconf 81' lang='lat' dir='ltr'><strong>fratribus</strong></span> <span class='ocrx_word' id='word_1_79' title='bbox 1017 1350 1069 1403; x_wconf 91' lang='lat' dir='ltr'><strong>per</strong></span> <span class='ocrx_word' id='word_1_80' title='bbox 1094 1336 1198 1388; x_wconf 88' lang='lat' dir='ltr'><strong>sortem</strong></span> <span class='ocrx_word' id='word_1_81' title='bbox 1225 1331 1406 1388; x_wconf 87' lang='lat' dir='ltr'><strong>successionis</strong></span> <span class='ocrx_word' id='word_1_82' title='bbox 1432 1330 1596 1403; x_wconf 88' lang='lat' dir='ltr'><strong>patrimonii</strong></span> <span class='ocrx_word' id='word_1_83' title='bbox 1619 1331 1828 1409; x_wconf 69' lang='lat' dir='ltr'><strong>idoneasolins</strong></span> 
     </span>
     <span class='ocr_line' id='line_1_8' title="bbox 387 1408 1828 1491; baseline 0.001 -17"><span class='ocrx_word' id='word_1_84' title='bbox 387 1419 489 1491; x_wconf 80' lang='lat' dir='ltr'><strong>glebae</strong></span> <span class='ocrx_word' id='word_1_85' title='bbox 507 1419 667 1476; x_wconf 89' lang='lat' dir='ltr'><strong>substantia</strong></span> <span class='ocrx_word' id='word_1_86' title='bbox 685 1422 876 1491; x_wconf 88' lang='lat' dir='ltr'><strong>congregetur.</strong></span> <span class='ocrx_word' id='word_1_87' title='bbox 912 1419 999 1475; x_wconf 88' lang='lat' dir='ltr'><strong>Plane</strong></span> <span class='ocrx_word' id='word_1_88' title='bbox 1017 1418 1042 1474; x_wconf 93' lang='lat' dir='ltr'><strong>si</strong></span> <span class='ocrx_word' id='word_1_89' title='bbox 1059 1418 1108 1489; x_wconf 91' lang='lat' dir='ltr'><strong>qui</strong></span> <span class='ocrx_word' id='word_1_90' title='bbox 1126 1418 1241 1474; x_wconf 87' lang='lat' dir='ltr'><strong>curialis</strong></span> <span class='ocrx_word' id='word_1_91' title='bbox 1258 1419 1350 1475; x_wconf 84' lang='lat' dir='ltr'><strong>iactus</strong></span> <span class='ocrx_word' id='word_1_92' title='bbox 1367 1421 1479 1475; x_wconf 89' lang='lat' dir='ltr'><strong>senator</strong></span> <span class='ocrx_word' id='word_1_93' title='bbox 1496 1422 1526 1475; x_wconf 92' lang='lat' dir='ltr'><strong>et</strong></span> <span class='ocrx_word' id='word_1_94' title='bbox 1543 1417 1625 1474; x_wconf 89' lang='lat' dir='ltr'><strong>unius</strong></span> <span class='ocrx_word' id='word_1_95' title='bbox 1642 1418 1695 1474; x_wconf 87' lang='lat' dir='ltr'><strong>filii</strong></span> <span class='ocrx_word' id='word_1_96' title='bbox 1712 1408 1828 1491; x_wconf 76' lang='lat' dir='ltr'><strong>posteri·</strong></span> 
     </span>
     <span class='ocr_line' id='line_1_9' title="bbox 387 1503 1828 1578; baseline 0.001 -17"><span class='ocrx_word' id='word_1_97' title='bbox 387 1507 449 1562; x_wconf 90' lang='lat' dir='ltr'><strong>tate</strong></span> <span class='ocrx_word' id='word_1_98' title='bbox 466 1506 600 1562; x_wconf 89' lang='lat' dir='ltr'><strong>subnixus</strong></span> <span class='ocrx_word' id='word_1_99' title='bbox 617 1505 709 1576; x_wconf 89' lang='lat' dir='ltr'><strong>ipsum</strong></span> <span class='ocrx_word' id='word_1_100' title='bbox 726 1504 836 1562; x_wconf 88' lang='lat' dir='ltr'><strong>senatui</strong></span> <span class='ocrx_word' id='word_1_101' title='bbox 854 1505 1015 1576; x_wconf 84' lang='lat' dir='ltr'><strong>poposcerit</strong></span> <span class='ocrx_word' id='word_1_102' title='bbox 1032 1504 1141 1562; x_wconf 87' lang='lat' dir='ltr'><strong>conecti</strong></span> <span class='ocrx_word' id='word_1_103' title='bbox 1159 1522 1243 1574; x_wconf 85' lang='lat' dir='ltr'><strong>seque</strong></span> <span class='ocrx_word' id='word_1_104' title='bbox 1262 1503 1411 1575; x_wconf 89' lang='lat' dir='ltr'><strong>promittat</strong></span> <span class='ocrx_word' id='word_1_105' title='bbox 1423 1505 1461 1560; x_wconf 90' lang='lat' dir='ltr'><strong>ad</strong></span> <span class='ocrx_word' id='word_1_106' title='bbox 1481 1504 1576 1562; x_wconf 68' lang='lat' dir='ltr'><strong>cudae</strong></span> <span class='ocrx_word' id='word_1_107' title='bbox 1593 1523 1708 1562; x_wconf 84' lang='lat' dir='ltr'><strong>munera</strong></span> <span class='ocrx_word' id='word_1_108' title='bbox 1724 1523 1828 1578; x_wconf 86' lang='lat' dir='ltr'><strong>regres-</strong></span> 
     </span>
    </p>

    <p class='ocr_par' dir='ltr' id='par_1_4' title="bbox 355 1591 1880 1927">
     <span class='ocr_line' id='line_1_10' title="bbox 355 1591 1828 1662; baseline 0.001 -14"><span class='ocrx_word' id='word_1_109' title='bbox 355 1594 368 1648; x_wconf 89' lang='lat'>1</span> <span class='ocrx_word' id='word_1_110' title='bbox 388 1610 489 1656; x_wconf 89' lang='lat' dir='ltr'><strong>surum,</strong></span> <span class='ocrx_word' id='word_1_111' title='bbox 508 1591 643 1649; x_wconf 90' lang='lat' dir='ltr'><strong>eiusmodi</strong></span> <span class='ocrx_word' id='word_1_112' title='bbox 662 1592 758 1662; x_wconf 90' lang='lat' dir='ltr'><strong>captio</strong></span> <span class='ocrx_word' id='word_1_113' title='bbox 775 1591 889 1648; x_wconf 91' lang='lat' dir='ltr'><strong>minime</strong></span> <span class='ocrx_word' id='word_1_114' title='bbox 907 1591 1082 1647; x_wconf 83' lang='lat' dir='ltr'><strong>admittatur.</strong></span> <span class='ocrx_word' id='word_1_115' title='bbox 1187 1591 1317 1648; x_wconf 84' lang='lat' dir='ltr'><strong>Ceterum</strong></span> <span class='ocrx_word' id='word_1_116' title='bbox 1335 1591 1359 1646; x_wconf 91' lang='lat' dir='ltr'><strong>si</strong></span> <span class='ocrx_word' id='word_1_117' title='bbox 1377 1592 1412 1647; x_wconf 91' lang='lat' dir='ltr'><strong>de</strong></span> <span class='ocrx_word' id='word_1_118' title='bbox 1433 1611 1547 1649; x_wconf 89' lang='lat' dir='ltr'><strong>numero</strong></span> <span class='ocrx_word' id='word_1_119' title='bbox 1566 1592 1714 1649; x_wconf 86' lang='lat' dir='ltr'><strong>curialium</strong></span> <span class='ocrx_word' id='word_1_120' title='bbox 1734 1594 1828 1650; x_wconf 83' lang='lat' dir='ltr'><strong>factus</strong></span> 
     </span>
     <span class='ocr_line' id='line_1_11' title="bbox 386 1677 1880 1751; baseline 0.002 -16"><span class='ocrx_word' id='word_1_121' title='bbox 386 1684 499 1736; x_wconf 90' lang='lat' dir='ltr'><strong>senator</strong></span> <span class='ocrx_word' id='word_1_122' title='bbox 515 1678 603 1734; x_wconf 88' lang='lat' dir='ltr'><strong>filium</strong></span> <span class='ocrx_word' id='word_1_123' title='bbox 620 1697 675 1734; x_wconf 93' lang='lat' dir='ltr'><strong>non</strong></span> <span class='ocrx_word' id='word_1_124' title='bbox 693 1678 819 1744; x_wconf 89' lang='lat' dir='ltr'><strong>habebit,</strong></span> <span class='ocrx_word' id='word_1_125' title='bbox 838 1697 920 1749; x_wconf 90' lang='lat' dir='ltr'><strong>quem</strong></span> <span class='ocrx_word' id='word_1_126' title='bbox 937 1678 1128 1734; x_wconf 84' lang='lat' dir='ltr'><strong>functionibus</strong></span> <span class='ocrx_word' id='word_1_127' title='bbox 1146 1678 1257 1750; x_wconf 87' lang='lat' dir='ltr'><strong>patriae</strong></span> <span class='ocrx_word' id='word_1_128' title='bbox 1274 1679 1405 1736; x_wconf 85' lang='lat' dir='ltr'><strong>heredem</strong></span> <span class='ocrx_word' id='word_1_129' title='bbox 1422 1677 1531 1751; x_wconf 91' lang='lat' dir='ltr'><strong>generis</strong></span> <span class='ocrx_word' id='word_1_130' title='bbox 1543 1696 1577 1735; x_wconf 90' lang='lat' dir='ltr'><strong>ac</strong></span> <span class='ocrx_word' id='word_1_131' title='bbox 1588 1696 1734 1736; x_wconf 87' lang='lat' dir='ltr'><strong>munerum</strong></span> <span class='ocrx_word' id='word_1_132' title='bbox 1751 1681 1827 1738; x_wconf 89' lang='lat' dir='ltr'><strong>dere·</strong></span> <span class='ocrx_word' id='word_1_133' title='bbox 1854 1708 1880 1749; x_wconf 72' lang='grc' dir='ltr'><strong>ω</strong></span> 
     </span>
     <span class='ocr_line' id='line_1_12' title="bbox 387 1763 1828 1837; baseline 0.003 -17"><span class='ocrx_word' id='word_1_134' title='bbox 387 1764 511 1835; x_wconf 91' lang='lat' dir='ltr'><strong>linquat,</strong></span> <span class='ocrx_word' id='word_1_135' title='bbox 532 1765 635 1837; x_wconf 88' lang='lat' dir='ltr'><strong>glebae</strong></span> <span class='ocrx_word' id='word_1_136' title='bbox 657 1766 813 1822; x_wconf 86' lang='lat' dir='ltr'><strong>senatoriae</strong></span> <span class='ocrx_word' id='word_1_137' title='bbox 836 1764 968 1822; x_wconf 85' lang='lat' dir='ltr'><strong>brevibus</strong></span> <span class='ocrx_word' id='word_1_138' title='bbox 985 1765 1123 1821; x_wconf 89' lang='lat' dir='ltr'><strong>eximatur</strong></span> <span class='ocrx_word' id='word_1_139' title='bbox 1149 1763 1224 1821; x_wconf 88' lang='lat' dir='ltr'><strong>circa</strong></span> <span class='ocrx_word' id='word_1_140' title='bbox 1246 1783 1293 1822; x_wconf 88' lang='lat' dir='ltr'><strong>eos</strong></span> <span class='ocrx_word' id='word_1_141' title='bbox 1309 1767 1399 1822; x_wconf 83' lang='lat' dir='ltr'><strong>forma</strong></span> <span class='ocrx_word' id='word_1_142' title='bbox 1417 1766 1500 1832; x_wconf 86' lang='lat' dir='ltr'><strong>data,</strong></span> <span class='ocrx_word' id='word_1_143' title='bbox 1523 1765 1572 1836; x_wconf 88' lang='lat' dir='ltr'><strong>qui</strong></span> <span class='ocrx_word' id='word_1_144' title='bbox 1590 1766 1665 1823; x_wconf 89' lang='lat' dir='ltr'><strong>intra</strong></span> <span class='ocrx_word' id='word_1_145' title='bbox 1682 1785 1770 1824; x_wconf 89' lang='lat' dir='ltr'><strong>annos</strong></span> <span class='ocrx_word' id='word_1_146' title='bbox 1789 1770 1828 1825; x_wconf 88' lang='lat' dir='ltr'><strong>Xl</strong></span> 
     </span>
     <span class='ocr_line' id='line_1_13' title="bbox 388 1850 1827 1927; baseline 0.002 -18"><span class='ocrx_word' id='word_1_147' title='bbox 388 1853 548 1909; x_wconf 90' lang='lat' dir='ltr'><strong>consulatus</strong></span> <span class='ocrx_word' id='word_1_148' title='bbox 567 1852 724 1908; x_wconf 83' lang='lat' dir='ltr'><strong>Constantii</strong></span> <span class='ocrx_word' id='word_1_149' title='bbox 742 1852 843 1909; x_wconf 88' lang='lat' dir='ltr'><strong>decimi</strong></span> <span class='ocrx_word' id='word_1_150' title='bbox 862 1855 891 1907; x_wconf 90' lang='lat' dir='ltr'><strong>et</strong></span> <span class='ocrx_word' id='word_1_151' title='bbox 908 1851 1011 1906; x_wconf 91' lang='lat' dir='ltr'><strong>Iuliani</strong></span> <span class='ocrx_word' id='word_1_152' title='bbox 1029 1852 1070 1906; x_wconf 93' lang='lat' dir='ltr'><strong>III</strong></span> <span class='ocrx_word' id='word_1_153' title='bbox 1087 1850 1254 1923; x_wconf 88' lang='lat' dir='ltr'><strong>amplissimi</strong></span> <span class='ocrx_word' id='word_1_154' title='bbox 1271 1851 1377 1907; x_wconf 90' lang='lat' dir='ltr'><strong>ordinis</strong></span> <span class='ocrx_word' id='word_1_155' title='bbox 1392 1851 1578 1924; x_wconf 87' lang='lat' dir='ltr'><strong>participasse</strong></span> <span class='ocrx_word' id='word_1_156' title='bbox 1590 1853 1741 1927; x_wconf 89' lang='lat' dir='ltr'><strong>collegium</strong></span> <span class='ocrx_word' id='word_1_157' title='bbox 1752 1874 1827 1912; x_wconf 93' lang='lat' dir='ltr'><strong>mon·</strong></span> 
     </span>
    </p>

    <p class='ocr_par' dir='ltr' id='par_1_5' title="bbox 352 1935 1880 2445">
     <span class='ocr_line' id='line_1_14' title="bbox 352 1935 1829 2009; baseline 0.005 -19"><span class='ocrx_word' id='word_1_158' title='bbox 352 1935 370 1990; x_wconf 82' lang='grc'>2</span> <span class='ocrx_word' id='word_1_159' title='bbox 387 1939 561 1994; x_wconf 87' lang='lat' dir='ltr'><strong>strabuntur:</strong></span> <span class='ocrx_word' id='word_1_160' title='bbox 580 1943 703 1995; x_wconf 90' lang='lat' dir='ltr'><strong>ceterum</strong></span> <span class='ocrx_word' id='word_1_161' title='bbox 721 1939 859 1996; x_wconf 88' lang='lat' dir='ltr'><strong>anteriore</strong></span> <span class='ocrx_word' id='word_1_162' title='bbox 877 1943 1002 2009; x_wconf 91' lang='lat' dir='ltr'><strong>tempore</strong></span> <span class='ocrx_word' id='word_1_163' title='bbox 1020 1938 1143 1995; x_wconf 87' lang='lat' dir='ltr'><strong>adscitos</strong></span> <span class='ocrx_word' id='word_1_164' title='bbox 1160 1939 1224 2009; x_wconf 90' lang='lat' dir='ltr'><strong>ipsa</strong></span> <span class='ocrx_word' id='word_1_165' title='bbox 1236 1956 1357 2009; x_wconf 88' lang='lat' dir='ltr'><strong>aequum</strong></span> <span class='ocrx_word' id='word_1_166' title='bbox 1369 1942 1413 1995; x_wconf 90' lang='lat' dir='ltr'><strong>est</strong></span> <span class='ocrx_word' id='word_1_167' title='bbox 1424 1937 1597 2008; x_wconf 86' lang='lat' dir='ltr'><strong>antiquitate</strong></span> <span class='ocrx_word' id='word_1_168' title='bbox 1609 1939 1728 1996; x_wconf 83' lang='lat' dir='ltr'><strong>defendi.</strong></span> <span class='ocrx_word' id='word_1_169' title='bbox 1799 1940 1829 1997; x_wconf 85' lang='lat' dir='ltr'><strong>si</strong></span> 
     </span>
     <span class='ocr_line' id='line_1_15' title="bbox 387 2024 1828 2098; baseline 0.003 -17"><span class='ocrx_word' id='word_1_170' title='bbox 387 2025 450 2096; x_wconf 91' lang='lat' dir='ltr'><strong>quis</strong></span> <span class='ocrx_word' id='word_1_171' title='bbox 467 2025 556 2097; x_wconf 87' lang='lat' dir='ltr'><strong>igitur</strong></span> <span class='ocrx_word' id='word_1_172' title='bbox 573 2025 687 2081; x_wconf 90' lang='lat' dir='ltr'><strong>curialis</strong></span> <span class='ocrx_word' id='word_1_173' title='bbox 704 2025 852 2097; x_wconf 87' lang='lat' dir='ltr'><strong>prosapiae</strong></span> <span class='ocrx_word' id='word_1_174' title='bbox 870 2026 1010 2082; x_wconf 91' lang='lat' dir='ltr'><strong>senatorio</strong></span> <span class='ocrx_word' id='word_1_175' title='bbox 1027 2026 1131 2096; x_wconf 90' lang='lat' dir='ltr'><strong>adepto</strong></span> <span class='ocrx_word' id='word_1_176' title='bbox 1150 2026 1195 2082; x_wconf 85' lang='lat' dir='ltr'><strong>vel</strong></span> <span class='ocrx_word' id='word_1_177' title='bbox 1213 2043 1231 2081; x_wconf 93' lang='lat' dir='ltr'><strong>a</strong></span> <span class='ocrx_word' id='word_1_178' title='bbox 1248 2025 1328 2081; x_wconf 92' lang='lat' dir='ltr'><strong>nobis</strong></span> <span class='ocrx_word' id='word_1_179' title='bbox 1346 2024 1391 2081; x_wconf 80' lang='lat' dir='ltr'><strong>rel</strong></span> <span class='ocrx_word' id='word_1_180' title='bbox 1409 2042 1428 2081; x_wconf 92' lang='lat' dir='ltr'><strong>a</strong></span> <span class='ocrx_word' id='word_1_181' title='bbox 1445 2025 1518 2080; x_wconf 83' lang='lat' dir='ltr'><strong>diris</strong></span> <span class='ocrx_word' id='word_1_182' title='bbox 1529 2025 1705 2098; x_wconf 89' lang='lat' dir='ltr'><strong>principibus</strong></span> <span class='ocrx_word' id='word_1_183' title='bbox 1723 2028 1828 2085; x_wconf 89' lang='lat' dir='ltr'><strong>honore</strong></span> 
     </span>
     <span class='ocr_line' id='line_1_16' title="bbox 387 2111 1880 2187; baseline 0.005 -19"><span class='ocrx_word' id='word_1_184' title='bbox 387 2111 520 2168; x_wconf 86' lang='lat' dir='ltr'><strong>subnixus</strong></span> <span class='ocrx_word' id='word_1_185' title='bbox 543 2112 595 2177; x_wconf 89' lang='lat' dir='ltr'><strong>sit,</strong></span> <span class='ocrx_word' id='word_1_186' title='bbox 613 2117 749 2184; x_wconf 88' lang='lat' dir='ltr'><strong>quantum</strong></span> <span class='ocrx_word' id='word_1_187' title='bbox 766 2113 803 2168; x_wconf 91' lang='lat' dir='ltr'><strong>ad</strong></span> <span class='ocrx_word' id='word_1_188' title='bbox 820 2112 923 2169; x_wconf 89' lang='lat' dir='ltr'><strong>liberos</strong></span> <span class='ocrx_word' id='word_1_189' title='bbox 941 2112 1054 2181; x_wconf 89' lang='lat' dir='ltr'><strong>quidem</strong></span> <span class='ocrx_word' id='word_1_190' title='bbox 1072 2111 1209 2183; x_wconf 86' lang='lat' dir='ltr'><strong>pertinet,</strong></span> <span class='ocrx_word' id='word_1_191' title='bbox 1227 2112 1324 2168; x_wconf 85' lang='lat' dir='ltr'><strong>eadem</strong></span> <span class='ocrx_word' id='word_1_192' title='bbox 1343 2129 1415 2181; x_wconf 91' lang='lat' dir='ltr'><strong>quae</strong></span> <span class='ocrx_word' id='word_1_193' title='bbox 1433 2112 1560 2183; x_wconf 86' lang='lat' dir='ltr'><strong>superins</strong></span> <span class='ocrx_word' id='word_1_194' title='bbox 1578 2115 1768 2187; x_wconf 85' lang='lat' dir='ltr'><strong>conprehensa</strong></span> <span class='ocrx_word' id='word_1_195' title='bbox 1785 2121 1829 2175; x_wconf 84' lang='lat' dir='ltr'><strong>ast</strong></span> <span class='ocrx_word' id='word_1_196' title='bbox 1856 2139 1880 2183; x_wconf 77' lang='grc' dir='ltr'><strong>ιι</strong></span> 
     </span>
     <span class='ocr_line' id='line_1_17' title="bbox 386 2197 1828 2272; baseline 0.003 -19"><span class='ocrx_word' id='word_1_197' title='bbox 386 2199 476 2254; x_wconf 84' lang='lat' dir='ltr'><strong>forma</strong></span> <span class='ocrx_word' id='word_1_198' title='bbox 498 2203 636 2265; x_wconf 84' lang='lat' dir='ltr'><strong>servetur,</strong></span> <span class='ocrx_word' id='word_1_199' title='bbox 659 2204 777 2270; x_wconf 89' lang='lat' dir='ltr'><strong>excepto</strong></span> <span class='ocrx_word' id='word_1_200' title='bbox 803 2199 913 2256; x_wconf 90' lang='lat' dir='ltr'><strong>scilicet</strong></span> <span class='ocrx_word' id='word_1_201' title='bbox 934 2217 980 2265; x_wconf 92' lang='lat' dir='ltr'><strong>eo,</strong></span> <span class='ocrx_word' id='word_1_202' title='bbox 1002 2198 1128 2269; x_wconf 89' lang='lat' dir='ltr'><strong>quisine</strong></span> <span class='ocrx_word' id='word_1_203' title='bbox 1146 2198 1205 2254; x_wconf 87' lang='lat' dir='ltr'><strong>lilio</strong></span> <span class='ocrx_word' id='word_1_204' title='bbox 1223 2197 1261 2255; x_wconf 89' lang='lat' dir='ltr'><strong>sit</strong></span> <span class='ocrx_word' id='word_1_205' title='bbox 1279 2203 1316 2263; x_wconf 91' lang='lat' dir='ltr'><strong>et,</strong></span> <span class='ocrx_word' id='word_1_206' title='bbox 1335 2203 1368 2255; x_wconf 94' lang='lat' dir='ltr'><strong>ut</strong></span> <span class='ocrx_word' id='word_1_207' title='bbox 1391 2197 1556 2266; x_wconf 85' lang='lat' dir='ltr'><strong>statuimus,</strong></span> <span class='ocrx_word' id='word_1_208' title='bbox 1577 2202 1760 2258; x_wconf 86' lang='lat' dir='ltr'><strong>retrahendus</strong></span> <span class='ocrx_word' id='word_1_209' title='bbox 1777 2210 1828 2272; x_wconf 83' lang='lat' dir='ltr'><strong>est,</strong></span> 
     </span>
     <span class='ocr_line' id='line_1_18' title="bbox 386 2282 1830 2358; baseline 0.005 -18"><span class='ocrx_word' id='word_1_210' title='bbox 386 2284 441 2340; x_wconf 86' lang='lat' dir='ltr'><strong>nisi</strong></span> <span class='ocrx_word' id='word_1_211' title='bbox 463 2285 508 2342; x_wconf 88' lang='lat' dir='ltr'><strong>vel</strong></span> <span class='ocrx_word' id='word_1_212' title='bbox 532 2284 706 2354; x_wconf 89' lang='lat' dir='ltr'><strong>antiquitate</strong></span> <span class='ocrx_word' id='word_1_213' title='bbox 729 2283 896 2355; x_wconf 91' lang='lat' dir='ltr'><strong>participati</strong></span> <span class='ocrx_word' id='word_1_214' title='bbox 917 2288 1031 2340; x_wconf 89' lang='lat' dir='ltr'><strong>senatus</strong></span> <span class='ocrx_word' id='word_1_215' title='bbox 1054 2283 1099 2340; x_wconf 85' lang='lat' dir='ltr'><strong>vel</strong></span> <span class='ocrx_word' id='word_1_216' title='bbox 1122 2282 1288 2355; x_wconf 83' lang='lat' dir='ltr'><strong>praestituti</strong></span> <span class='ocrx_word' id='word_1_217' title='bbox 1310 2283 1444 2353; x_wconf 89' lang='lat' dir='ltr'><strong>temporis</strong></span> <span class='ocrx_word' id='word_1_218' title='bbox 1466 2285 1666 2358; x_wconf 85' lang='lat' dir='ltr'><strong>praerogativa</strong></span> <span class='ocrx_word' id='word_1_219' title='bbox 1686 2289 1830 2346; x_wconf 88' lang='lat' dir='ltr'><strong>muniatur</strong></span> 
     </span>
     <span class='ocr_line' id='line_1_19' title="bbox 387 2370 1830 2445; baseline 0.003 -18"><span class='ocrx_word' id='word_1_220' title='bbox 387 2373 432 2430; x_wconf 87' lang='lat' dir='ltr'><strong>vel</strong></span> <span class='ocrx_word' id='word_1_221' title='bbox 458 2372 502 2429; x_wconf 93' lang='lat' dir='ltr'><strong>ius</strong></span> <span class='ocrx_word' id='word_1_222' title='bbox 528 2372 619 2445; x_wconf 91' lang='lat' dir='ltr'><strong>gladii</strong></span> <span class='ocrx_word' id='word_1_223' title='bbox 644 2373 747 2428; x_wconf 91' lang='lat' dir='ltr'><strong>habuit</strong></span> <span class='ocrx_word' id='word_1_224' title='bbox 769 2372 813 2428; x_wconf 85' lang='lat' dir='ltr'><strong>vel</strong></span> <span class='ocrx_word' id='word_1_225' title='bbox 840 2389 1021 2443; x_wconf 90' lang='lat' dir='ltr'><strong>praeconum,</strong></span> <span class='ocrx_word' id='word_1_226' title='bbox 1043 2370 1093 2441; x_wconf 91' lang='lat' dir='ltr'><strong>qni</strong></span> <span class='ocrx_word' id='word_1_227' title='bbox 1119 2372 1238 2428; x_wconf 89' lang='lat' dir='ltr'><strong>honores</strong></span> <span class='ocrx_word' id='word_1_228' title='bbox 1263 2371 1387 2427; x_wconf 89' lang='lat' dir='ltr'><strong>concessi</strong></span> <span class='ocrx_word' id='word_1_229' title='bbox 1410 2370 1511 2428; x_wconf 89' lang='lat' dir='ltr'><strong>ceteris</strong></span> <span class='ocrx_word' id='word_1_230' title='bbox 1528 2378 1558 2430; x_wconf 89' lang='lat' dir='ltr'><strong>et</strong></span> <span class='ocrx_word' id='word_1_231' title='bbox 1575 2372 1724 2443; x_wconf 88' lang='lat' dir='ltr'><strong>antiquum</strong></span> <span class='ocrx_word' id='word_1_232' title='bbox 1740 2374 1830 2434; x_wconf 89' lang='lat' dir='ltr'><strong>instar</strong></span> 
     </span>
    </p>

    <p class='ocr_par' dir='ltr' id='par_1_6' title="bbox 354 2457 1882 2704">
     <span class='ocr_line' id='line_1_20' title="bbox 354 2457 1828 2534; baseline 0.003 -19"><span class='ocrx_word' id='word_1_233' title='bbox 354 2460 371 2515; x_wconf 82' lang='lat'><strong>3</strong></span> <span class='ocrx_word' id='word_1_234' title='bbox 388 2459 523 2516; x_wconf 86' lang='lat' dir='ltr'><strong>senatorii</strong></span> <span class='ocrx_word' id='word_1_235' title='bbox 541 2459 660 2514; x_wconf 92' lang='lat' dir='ltr'><strong>nominis</strong></span> <span class='ocrx_word' id='word_1_236' title='bbox 677 2459 782 2515; x_wconf 78' lang='lat' dir='ltr'><strong>inerint</strong></span> <span class='ocrx_word' id='word_1_237' title='bbox 799 2457 949 2514; x_wconf 82' lang='lat' dir='ltr'><strong>consecuti</strong></span> <span class='ocrx_word' id='word_1_238' title='bbox 1024 2459 1076 2514; x_wconf 89' lang='lat' dir='ltr'><strong>His</strong></span> <span class='ocrx_word' id='word_1_239' title='bbox 1094 2475 1176 2515; x_wconf 86' lang='lat' dir='ltr'><strong>verae</strong></span> <span class='ocrx_word' id='word_1_240' title='bbox 1194 2457 1345 2529; x_wconf 90' lang='lat' dir='ltr'><strong>dignitatis</strong></span> <span class='ocrx_word' id='word_1_241' title='bbox 1361 2458 1455 2513; x_wconf 90' lang='lat' dir='ltr'><strong>titulis</strong></span> <span class='ocrx_word' id='word_1_242' title='bbox 1472 2462 1502 2516; x_wconf 90' lang='lat' dir='ltr'><strong>et</strong></span> <span class='ocrx_word' id='word_1_243' title='bbox 1519 2459 1660 2516; x_wconf 89' lang='lat' dir='ltr'><strong>iudicibus</strong></span> <span class='ocrx_word' id='word_1_244' title='bbox 1677 2461 1828 2534; x_wconf 89' lang='lat' dir='ltr'><strong>adiungen-</strong></span> 
     </span>
     <span class='ocr_line' id='line_1_21' title="bbox 386 2543 1882 2617; baseline 0.003 -16"><span class='ocrx_word' id='word_1_245' title='bbox 386 2545 442 2611; x_wconf 92' lang='lat' dir='ltr'><strong>dis,</strong></span> <span class='ocrx_word' id='word_1_246' title='bbox 466 2546 515 2615; x_wconf 89' lang='lat' dir='ltr'><strong>qui</strong></span> <span class='ocrx_word' id='word_1_247' title='bbox 539 2546 682 2617; x_wconf 91' lang='lat' dir='ltr'><strong>proprium</strong></span> <span class='ocrx_word' id='word_1_248' title='bbox 704 2546 788 2602; x_wconf 90' lang='lat' dir='ltr'><strong>decus</strong></span> <span class='ocrx_word' id='word_1_249' title='bbox 812 2547 971 2601; x_wconf 88' lang='lat' dir='ltr'><strong>senatorum</strong></span> <span class='ocrx_word' id='word_1_250' title='bbox 994 2544 1103 2616; x_wconf 86' lang='lat' dir='ltr'><strong>indepti</strong></span> <span class='ocrx_word' id='word_1_251' title='bbox 1128 2547 1277 2616; x_wconf 89' lang='lat' dir='ltr'><strong>praeturae</strong></span> <span class='ocrx_word' id='word_1_252' title='bbox 1303 2543 1461 2616; x_wconf 88' lang='lat' dir='ltr'><strong>insignibus</strong></span> <span class='ocrx_word' id='word_1_253' title='bbox 1486 2545 1590 2602; x_wconf 82' lang='lat' dir='ltr'><strong>fuerint</strong></span> <span class='ocrx_word' id='word_1_254' title='bbox 1617 2552 1646 2604; x_wconf 90' lang='lat' dir='ltr'><strong>st</strong></span> <span class='ocrx_word' id='word_1_255' title='bbox 1677 2548 1830 2606; x_wconf 89' lang='lat' dir='ltr'><strong>honoribus</strong></span> <span class='ocrx_word' id='word_1_256' title='bbox 1856 2571 1882 2613; x_wconf 76' lang='lat' dir='ltr'><strong>so</strong></span> 
     </span>
     <span class='ocr_line' id='line_1_22' title="bbox 388 2630 1830 2704; baseline 0.001 -16"><span class='ocrx_word' id='word_1_257' title='bbox 388 2633 528 2704; x_wconf 90' lang='lat' dir='ltr'><strong>ampliati,</strong></span> <span class='ocrx_word' id='word_1_258' title='bbox 546 2634 592 2690; x_wconf 80' lang='lat' dir='ltr'><strong>sel</strong></span> <span class='ocrx_word' id='word_1_259' title='bbox 609 2651 679 2702; x_wconf 91' lang='lat' dir='ltr'><strong>quos</strong></span> <span class='ocrx_word' id='word_1_260' title='bbox 697 2631 800 2688; x_wconf 84' lang='lat' dir='ltr'><strong>veteris</strong></span> <span class='ocrx_word' id='word_1_261' title='bbox 818 2631 993 2687; x_wconf 85' lang='lat' dir='ltr'><strong>tribunorum</strong></span> <span class='ocrx_word' id='word_1_262' title='bbox 1011 2630 1103 2702; x_wconf 89' lang='lat' dir='ltr'><strong>plebis</strong></span> <span class='ocrx_word' id='word_1_263' title='bbox 1120 2630 1315 2702; x_wconf 87' lang='lat' dir='ltr'><strong>appellatione</strong></span> <span class='ocrx_word' id='word_1_264' title='bbox 1332 2648 1473 2703; x_wconf 88' lang='lat' dir='ltr'><strong>respersos</strong></span> <span class='ocrx_word' id='word_1_265' title='bbox 1496 2632 1596 2688; x_wconf 89' lang='lat' dir='ltr'><strong>umbra</strong></span> <span class='ocrx_word' id='word_1_266' title='bbox 1612 2633 1732 2690; x_wconf 90' lang='lat' dir='ltr'><strong>nominis</strong></span> <span class='ocrx_word' id='word_1_267' title='bbox 1748 2636 1830 2692; x_wconf 88' lang='lat' dir='ltr'><strong>nobis</strong></span> 
     </span>
    </p>

    <p class='ocr_par' dir='ltr' id='par_1_7' title="bbox 352 2717 1881 3050">
     <span class='ocr_line' id='line_1_23' title="bbox 352 2717 1830 2794; baseline 0.004 -22"><span class='ocrx_word' id='word_1_268' title='bbox 352 2718 370 2772; x_wconf 83' lang='lat'>4</span> <span class='ocrx_word' id='word_1_269' title='bbox 386 2718 573 2776; x_wconf 85' lang='lat' dir='ltr'><strong>annuentibus</strong></span> <span class='ocrx_word' id='word_1_270' title='bbox 591 2717 750 2775; x_wconf 89' lang='lat' dir='ltr'><strong>constiterit</strong></span> <span class='ocrx_word' id='word_1_271' title='bbox 767 2719 873 2789; x_wconf 91' lang='lat' dir='ltr'><strong>populo</strong></span> <span class='ocrx_word' id='word_1_272' title='bbox 890 2717 1053 2789; x_wconf 83' lang='lat' dir='ltr'><strong>praefuisse.</strong></span> <span class='ocrx_word' id='word_1_273' title='bbox 1128 2718 1228 2774; x_wconf 88' lang='lat' dir='ltr'><strong>Inanes</strong></span> <span class='ocrx_word' id='word_1_274' title='bbox 1241 2735 1306 2774; x_wconf 84' lang='lat' dir='ltr'><strong>vero</strong></span> <span class='ocrx_word' id='word_1_275' title='bbox 1320 2718 1433 2774; x_wconf 87' lang='lat' dir='ltr'><strong>umbras</strong></span> <span class='ocrx_word' id='word_1_276' title='bbox 1446 2722 1475 2774; x_wconf 92' lang='lat' dir='ltr'><strong>et</strong></span> <span class='ocrx_word' id='word_1_277' title='bbox 1487 2736 1581 2775; x_wconf 87' lang='lat' dir='ltr'><strong>cassas</strong></span> <span class='ocrx_word' id='word_1_278' title='bbox 1591 2719 1729 2792; x_wconf 88' lang='lat' dir='ltr'><strong>imagines</strong></span> <span class='ocrx_word' id='word_1_279' title='bbox 1740 2721 1830 2794; x_wconf 87' lang='lat' dir='ltr'><strong>digni·</strong></span> 
     </span>
     <span class='ocr_line' id='line_1_24' title="bbox 385 2803 1829 2877; baseline 0.001 -15"><span class='ocrx_word' id='word_1_280' title='bbox 385 2810 478 2862; x_wconf 90' lang='lat' dir='ltr'><strong>tatum</strong></span> <span class='ocrx_word' id='word_1_281' title='bbox 504 2805 641 2861; x_wconf 89' lang='lat' dir='ltr'><strong>codicillis</strong></span> <span class='ocrx_word' id='word_1_282' title='bbox 668 2803 824 2861; x_wconf 88' lang='lat' dir='ltr'><strong>honorariis</strong></span> <span class='ocrx_word' id='word_1_283' title='bbox 850 2808 989 2861; x_wconf 86' lang='lat' dir='ltr'><strong>sectantes</strong></span> <span class='ocrx_word' id='word_1_284' title='bbox 1015 2803 1088 2859; x_wconf 91' lang='lat' dir='ltr'><strong>nihil</strong></span> <span class='ocrx_word' id='word_1_285' title='bbox 1116 2803 1244 2860; x_wconf 85' lang='lat' dir='ltr'><strong>adiuvari</strong></span> <span class='ocrx_word' id='word_1_286' title='bbox 1276 2803 1477 2876; x_wconf 85' lang='lat' dir='ltr'><strong>praecipimur,</strong></span> <span class='ocrx_word' id='word_1_287' title='bbox 1502 2805 1628 2877; x_wconf 88' lang='lat' dir='ltr'><strong>exceptis</strong></span> <span class='ocrx_word' id='word_1_288' title='bbox 1649 2807 1829 2864; x_wconf 88' lang='lat' dir='ltr'><strong>eminentium</strong></span> 
     </span>
     <span class='ocr_line' id='line_1_25' title="bbox 386 2890 1830 2964; baseline 0.001 -15"><span class='ocrx_word' id='word_1_289' title='bbox 386 2892 469 2949; x_wconf 86' lang='lat' dir='ltr'><strong>elatis</strong></span> <span class='ocrx_word' id='word_1_290' title='bbox 488 2892 580 2949; x_wconf 88' lang='lat' dir='ltr'><strong>titulis</strong></span> <span class='ocrx_word' id='word_1_291' title='bbox 598 2891 777 2963; x_wconf 87' lang='lat' dir='ltr'><strong>dignitatum,</strong></span> <span class='ocrx_word' id='word_1_292' title='bbox 796 2891 869 2948; x_wconf 89' lang='lat' dir='ltr'><strong>siet</strong></span> <span class='ocrx_word' id='word_1_293' title='bbox 888 2891 1035 2948; x_wconf 92' lang='lat' dir='ltr'><strong>honorario</strong></span> <span class='ocrx_word' id='word_1_294' title='bbox 1053 2890 1165 2948; x_wconf 90' lang='lat' dir='ltr'><strong>nomine</strong></span> <span class='ocrx_word' id='word_1_295' title='bbox 1186 2909 1204 2946; x_wconf 96' lang='lat' dir='ltr'><strong>a</strong></span> <span class='ocrx_word' id='word_1_296' title='bbox 1222 2909 1329 2947; x_wconf 90' lang='lat' dir='ltr'><strong>summo</strong></span> <span class='ocrx_word' id='word_1_297' title='bbox 1346 2893 1436 2964; x_wconf 88' lang='lat' dir='ltr'><strong>gradu</strong></span> <span class='ocrx_word' id='word_1_298' title='bbox 1452 2910 1539 2962; x_wconf 90' lang='lat' dir='ltr'><strong>usque</strong></span> <span class='ocrx_word' id='word_1_299' title='bbox 1551 2893 1589 2948; x_wconf 94' lang='lat' dir='ltr'><strong>ad</strong></span> <span class='ocrx_word' id='word_1_300' title='bbox 1600 2894 1830 2952; x_wconf 86' lang='lat' dir='ltr'><strong>consularitatem</strong></span> 
     </span>
     <span class='ocr_line' id='line_1_26' title="bbox 387 2977 1881 3050; baseline 0.005 -16"><span class='ocrx_word' id='word_1_301' title='bbox 387 2980 458 3035; x_wconf 92' lang='lat' dir='ltr'><strong>bant</strong></span> <span class='ocrx_word' id='word_1_302' title='bbox 475 2978 583 3050; x_wconf 86' lang='lat' dir='ltr'><strong>exiguis</strong></span> <span class='ocrx_word' id='word_1_303' title='bbox 601 2978 726 3048; x_wconf 82' lang='lat' dir='ltr'><strong>proiecto</strong></span> <span class='ocrx_word' id='word_1_304' title='bbox 743 2977 851 3034; x_wconf 90' lang='lat' dir='ltr'><strong>meritis</strong></span> <span class='ocrx_word' id='word_1_305' title='bbox 869 2977 1044 3048; x_wconf 89' lang='lat' dir='ltr'><strong>amplissima</strong></span> <span class='ocrx_word' id='word_1_306' title='bbox 1061 2977 1117 3033; x_wconf 91' lang='lat' dir='ltr'><strong>sibi</strong></span> <span class='ocrx_word' id='word_1_307' title='bbox 1133 2978 1350 3035; x_wconf 89' lang='lat' dir='ltr'><strong>honestamenta</strong></span> <span class='ocrx_word' id='word_1_308' title='bbox 1374 2983 1557 3050; x_wconf 89' lang='lat' dir='ltr'><strong>pepererunt,</strong></span> <span class='ocrx_word' id='word_1_309' title='bbox 1575 2978 1677 3037; x_wconf 86' lang='lat' dir='ltr'><strong>ceteris</strong></span> <span class='ocrx_word' id='word_1_310' title='bbox 1694 2978 1829 3037; x_wconf 80' lang='lat' dir='ltr'><strong>inferiori·</strong></span> <span class='ocrx_word' id='word_1_311' title='bbox 1854 3002 1881 3043; x_wconf 80' lang='lat' dir='ltr'><strong>aa</strong></span> 
     </span>
    </p>

    <p class='ocr_par' dir='ltr' id='par_1_8' title="bbox 351 3059 1900 3571">
     <span class='ocr_line' id='line_1_27' title="bbox 351 3059 1860 3136; baseline 0.001 -14"><span class='ocrx_word' id='word_1_312' title='bbox 351 3059 438 3123; x_wconf 65' lang='lat' dir='ltr'><strong>ibus</strong></span> <span class='ocrx_word' id='word_1_313' title='bbox 456 3066 603 3122; x_wconf 86' lang='lat' dir='ltr'><strong>dumtaxat</strong></span> <span class='ocrx_word' id='word_1_314' title='bbox 620 3064 776 3121; x_wconf 91' lang='lat' dir='ltr'><strong>honorariis</strong></span> <span class='ocrx_word' id='word_1_315' title='bbox 794 3063 983 3136; x_wconf 88' lang='lat' dir='ltr'><strong>dignitatibus</strong></span> <span class='ocrx_word' id='word_1_316' title='bbox 1000 3065 1036 3120; x_wconf 91' lang='lat' dir='ltr'><strong>ad</strong></span> <span class='ocrx_word' id='word_1_317' title='bbox 1054 3082 1088 3121; x_wconf 90' lang='lat' dir='ltr'><strong>ea</strong></span> <span class='ocrx_word' id='word_1_318' title='bbox 1106 3063 1198 3120; x_wconf 84' lang='lat' dir='ltr'><strong>officia</strong></span> <span class='ocrx_word' id='word_1_319' title='bbox 1221 3082 1294 3134; x_wconf 89' lang='lat' dir='ltr'><strong>quae</strong></span> <span class='ocrx_word' id='word_1_320' title='bbox 1311 3063 1485 3134; x_wconf 88' lang='lat' dir='ltr'><strong>reliquerant</strong></span> <span class='ocrx_word' id='word_1_321' title='bbox 1502 3064 1678 3122; x_wconf 87' lang='lat' dir='ltr'><strong>deducendis.</strong></span> <span class='ocrx_word' id='word_1_322' title='bbox 1752 3066 1831 3124; x_wconf 86' lang='lat' dir='ltr'><strong>Haec</strong></span> <span class='ocrx_word' id='word_1_323' title='bbox 1858 3065 1860 3069; x_wconf 78' lang='grc'><strong>’</strong></span> 
     </span>
     <span class='ocr_line' id='line_1_28' title="bbox 386 3150 1831 3225; baseline 0.001 -17"><span class='ocrx_word' id='word_1_324' title='bbox 386 3170 471 3224; x_wconf 90' lang='lat' dir='ltr'><strong>super</strong></span> <span class='ocrx_word' id='word_1_325' title='bbox 487 3151 614 3208; x_wconf 90' lang='lat' dir='ltr'><strong>obnoxiis</strong></span> <span class='ocrx_word' id='word_1_326' title='bbox 633 3151 734 3208; x_wconf 89' lang='lat' dir='ltr'><strong>curiali</strong></span> <span class='ocrx_word' id='word_1_327' title='bbox 748 3150 857 3224; x_wconf 90' lang='lat' dir='ltr'><strong>origini.</strong></span> <span class='ocrx_word' id='word_1_328' title='bbox 896 3151 1025 3208; x_wconf 82' lang='lat' dir='ltr'><strong>Ceterum</strong></span> <span class='ocrx_word' id='word_1_329' title='bbox 1043 3168 1110 3208; x_wconf 86' lang='lat' dir='ltr'><strong>suae</strong></span> <span class='ocrx_word' id='word_1_330' title='bbox 1128 3150 1285 3223; x_wconf 87' lang='lat' dir='ltr'><strong>potestatis</strong></span> <span class='ocrx_word' id='word_1_331' title='bbox 1302 3156 1332 3209; x_wconf 88' lang='lat' dir='ltr'><strong>et</strong></span> <span class='ocrx_word' id='word_1_332' title='bbox 1349 3150 1434 3207; x_wconf 90' lang='lat' dir='ltr'><strong>nullis</strong></span> <span class='ocrx_word' id='word_1_333' title='bbox 1450 3170 1501 3225; x_wconf 89' lang='lat' dir='ltr'><strong>per</strong></span> <span class='ocrx_word' id='word_1_334' title='bbox 1512 3151 1671 3225; x_wconf 80' lang='lat' dir='ltr'><strong>provincias</strong></span> <span class='ocrx_word' id='word_1_335' title='bbox 1682 3153 1831 3210; x_wconf 82' lang='lat' dir='ltr'><strong>functioni-</strong></span> 
     </span>
     <span class='ocr_line' id='line_1_29' title="bbox 387 3238 1830 3314; baseline 0 -17"><span class='ocrx_word' id='word_1_336' title='bbox 387 3242 440 3298; x_wconf 90' lang='lat' dir='ltr'><strong>bus</strong></span> <span class='ocrx_word' id='word_1_337' title='bbox 452 3241 572 3314; x_wconf 89' lang='lat' dir='ltr'><strong>obligati</strong></span> <span class='ocrx_word' id='word_1_338' title='bbox 583 3239 607 3295; x_wconf 93' lang='lat' dir='ltr'><strong>si</strong></span> <span class='ocrx_word' id='word_1_339' title='bbox 617 3240 662 3296; x_wconf 81' lang='lat' dir='ltr'><strong>vel</strong></span> <span class='ocrx_word' id='word_1_340' title='bbox 671 3241 772 3311; x_wconf 89' lang='lat' dir='ltr'><strong>longae</strong></span> <span class='ocrx_word' id='word_1_341' title='bbox 782 3238 903 3296; x_wconf 90' lang='lat' dir='ltr'><strong>militiae</strong></span> <span class='ocrx_word' id='word_1_342' title='bbox 912 3238 1007 3296; x_wconf 86' lang='lat' dir='ltr'><strong>labore</strong></span> <span class='ocrx_word' id='word_1_343' title='bbox 1018 3239 1062 3296; x_wconf 85' lang='lat' dir='ltr'><strong>vel</strong></span> <span class='ocrx_word' id='word_1_344' title='bbox 1073 3238 1206 3310; x_wconf 88' lang='lat' dir='ltr'><strong>proximis</strong></span> <span class='ocrx_word' id='word_1_345' title='bbox 1219 3256 1287 3312; x_wconf 84' lang='lat' dir='ltr'><strong>erga</strong></span> <span class='ocrx_word' id='word_1_346' title='bbox 1299 3257 1348 3295; x_wconf 89' lang='lat' dir='ltr'><strong>nos</strong></span> <span class='ocrx_word' id='word_1_347' title='bbox 1361 3281 1368 3296; x_wconf 89' lang='lat'><strong>.</strong></span> <span class='ocrx_word' id='word_1_348' title='bbox 1382 3282 1388 3295; x_wconf 94' lang='lat'><strong>.</strong></span> <span class='ocrx_word' id='word_1_349' title='bbox 1402 3282 1408 3294; x_wconf 93' lang='lat'><strong>.</strong></span> <span class='ocrx_word' id='word_1_350' title='bbox 1420 3239 1584 3296; x_wconf 85' lang='lat' dir='ltr'><strong>iuvantibus</strong></span> <span class='ocrx_word' id='word_1_351' title='bbox 1597 3239 1741 3296; x_wconf 86' lang='lat' dir='ltr'><strong>codicillos</strong></span> <span class='ocrx_word' id='word_1_352' title='bbox 1753 3258 1830 3297; x_wconf 86' lang='lat' dir='ltr'><strong>sena·</strong></span> 
     </span>
     <span class='ocr_line' id='line_1_30' title="bbox 387 3325 1900 3399; baseline -0.001 -14"><span class='ocrx_word' id='word_1_353' title='bbox 387 3328 474 3385; x_wconf 88' lang='lat' dir='ltr'><strong>torios</strong></span> <span class='ocrx_word' id='word_1_354' title='bbox 491 3327 705 3399; x_wconf 80' lang='lat' dir='ltr'><strong>reportaverint,</strong></span> <span class='ocrx_word' id='word_1_355' title='bbox 724 3327 778 3383; x_wconf 91' lang='lat' dir='ltr'><strong>nisi</strong></span> <span class='ocrx_word' id='word_1_356' title='bbox 796 3326 875 3382; x_wconf 86' lang='lat' dir='ltr'><strong>vitiis</strong></span> <span class='ocrx_word' id='word_1_357' title='bbox 893 3331 943 3383; x_wconf 89' lang='lat' dir='ltr'><strong>aut</strong></span> <span class='ocrx_word' id='word_1_358' title='bbox 961 3329 1043 3383; x_wconf 88' lang='lat' dir='ltr'><strong>actae</strong></span> <span class='ocrx_word' id='word_1_359' title='bbox 1061 3326 1137 3383; x_wconf 80' lang='lat' dir='ltr'><strong>vitae</strong></span> <span class='ocrx_word' id='word_1_360' title='bbox 1155 3325 1314 3398; x_wconf 89' lang='lat' dir='ltr'><strong>obprobriis</strong></span> <span class='ocrx_word' id='word_1_361' title='bbox 1325 3326 1499 3398; x_wconf 89' lang='lat' dir='ltr'><strong>amplissimo</strong></span> <span class='ocrx_word' id='word_1_362' title='bbox 1510 3326 1606 3384; x_wconf 91' lang='lat' dir='ltr'><strong>ordine</strong></span> <span class='ocrx_word' id='word_1_363' title='bbox 1619 3328 1826 3399; x_wconf 88' lang='lat' dir='ltr'><strong>deprehendan-</strong></span> <span class='ocrx_word' id='word_1_364' title='bbox 1894 3368 1900 3376; x_wconf 85' lang='lat'>-</span> 
     </span>
     <span class='ocr_line' id='line_1_31' title="bbox 387 3411 1879 3487; baseline -0.001 -15"><span class='ocrx_word' id='word_1_365' title='bbox 387 3421 433 3473; x_wconf 90' lang='lat' dir='ltr'><strong>tur</strong></span> <span class='ocrx_word' id='word_1_366' title='bbox 454 3415 575 3487; x_wconf 91' lang='lat' dir='ltr'><strong>indigni,</strong></span> <span class='ocrx_word' id='word_1_367' title='bbox 602 3414 713 3486; x_wconf 89' lang='lat' dir='ltr'><strong>indepti</strong></span> <span class='ocrx_word' id='word_1_368' title='bbox 739 3414 825 3469; x_wconf 89' lang='lat' dir='ltr'><strong>semel</strong></span> <span class='ocrx_word' id='word_1_369' title='bbox 847 3412 1049 3469; x_wconf 87' lang='lat' dir='ltr'><strong>clarissimatus</strong></span> <span class='ocrx_word' id='word_1_370' title='bbox 1070 3411 1240 3485; x_wconf 88' lang='lat' dir='ltr'><strong>dignitatem</strong></span> <span class='ocrx_word' id='word_1_371' title='bbox 1263 3418 1400 3485; x_wconf 88' lang='lat' dir='ltr'><strong>perpetuo</strong></span> <span class='ocrx_word' id='word_1_372' title='bbox 1418 3414 1572 3470; x_wconf 88' lang='lat' dir='ltr'><strong>manebunt</strong></span> <span class='ocrx_word' id='word_1_373' title='bbox 1589 3413 1618 3469; x_wconf 92' lang='lat' dir='ltr'><strong>in</strong></span> <span class='ocrx_word' id='word_1_374' title='bbox 1636 3414 1732 3472; x_wconf 91' lang='lat' dir='ltr'><strong>ordine</strong></span> <span class='ocrx_word' id='word_1_375' title='bbox 1749 3431 1826 3471; x_wconf 79' lang='lat' dir='ltr'><strong>sena</strong></span> <span class='ocrx_word' id='word_1_376' title='bbox 1853 3430 1879 3470; x_wconf 79' lang='lat' dir='ltr'><strong>ao</strong></span> 
     </span>
     <span class='ocr_line' id='line_1_32' title="bbox 388 3500 1601 3571; baseline -0.002 -13"><span class='ocrx_word' id='word_1_377' title='bbox 388 3505 487 3558; x_wconf 87' lang='lat' dir='ltr'><strong>torum.</strong></span> <span class='ocrx_word' id='word_1_378' title='bbox 523 3518 585 3556; x_wconf 77' lang='lat' dir='ltr'><strong>nus.</strong></span> <span class='ocrx_word' id='word_1_379' title='bbox 604 3519 666 3557; x_wconf 77' lang='lat' dir='ltr'><strong>ssa</strong></span> <span class='ocrx_word' id='word_1_380' title='bbox 685 3518 768 3556; x_wconf 78' lang='lat' dir='ltr'><strong>nan.</strong></span> <span class='ocrx_word' id='word_1_381' title='bbox 786 3500 1079 3571; x_wconf 75' lang='lat' dir='ltr'><strong>cossnarr(nro)r(om)</strong></span> <span class='ocrx_word' id='word_1_382' title='bbox 1097 3500 1257 3570; x_wconf 57' lang='lat' dir='ltr'><strong>odecimo</strong></span> <span class='ocrx_word' id='word_1_383' title='bbox 1275 3518 1302 3556; x_wconf 78' lang='grc' dir='ltr'><strong>ι.</strong></span> <span class='ocrx_word' id='word_1_384' title='bbox 1320 3517 1342 3555; x_wconf 84' lang='grc' dir='ltr'><strong>ιι</strong></span> <span class='ocrx_word' id='word_1_385' title='bbox 1358 3517 1392 3555; x_wconf 82' lang='lat' dir='ltr'><strong>an</strong></span> <span class='ocrx_word' id='word_1_386' title='bbox 1408 3517 1496 3556; x_wconf 81' lang='lat' dir='ltr'><strong>raoso</strong></span> <span class='ocrx_word' id='word_1_387' title='bbox 1513 3518 1601 3556; x_wconf 79' lang='lat' dir='ltr'><strong>corsa.</strong></span> 
     </span>
    </p>
   </div>
   <div class='ocr_carea' id='block_1_4' title="bbox 479 3728 501 3777">
    <p class='ocr_par' dir='ltr' id='par_1_9' title="bbox 479 3728 501 3777">
     <span class='ocr_line' id='line_1_33' title="bbox 479 3728 501 3777; baseline 0 0"><span class='ocrx_word' id='word_1_388' title='bbox 479 3728 501 3777; x_wconf 98' lang='lat' dir='ltr'><strong><em>V</em></strong></span> 
     </span>
    </p>
   </div>
   <div class='ocr_carea' id='block_1_5' title="bbox 386 3846 1831 4335">
    <p class='ocr_par' dir='ltr' id='par_1_10' title="bbox 386 3846 1831 4335">
     <span class='ocr_line' id='line_1_34' title="bbox 386 3846 1831 3921; baseline -0.003 -17"><span class='ocrx_word' id='word_1_389' title='bbox 386 3852 536 3921; x_wconf 84' lang='lat' dir='ltr'><strong>3prompte</strong></span> <span class='ocrx_word' id='word_1_390' title='bbox 552 3851 576 3900; x_wconf 88' lang='lat' dir='ltr'><strong><em>V</em></strong></span> <span class='ocrx_word' id='word_1_391' title='bbox 653 3846 741 3915; x_wconf 70' lang='lat' dir='ltr'><strong>taut]</strong></span> <span class='ocrx_word' id='word_1_392' title='bbox 763 3849 944 3917; x_wconf 76' lang='lat' dir='ltr'><strong>Gottosrsdac,</strong></span> <span class='ocrx_word' id='word_1_393' title='bbox 961 3866 994 3901; x_wconf 84' lang='lat' dir='ltr'><strong>ac</strong></span> <span class='ocrx_word' id='word_1_394' title='bbox 1009 3849 1033 3898; x_wconf 98' lang='lat' dir='ltr'><strong><em>V</em></strong></span> <span class='ocrx_word' id='word_1_395' title='bbox 1132 3850 1236 3902; x_wconf 88' lang='lat' dir='ltr'><strong>honoris</strong></span> <span class='ocrx_word' id='word_1_396' title='bbox 1254 3866 1380 3902; x_wconf 84' lang='lat' dir='ltr'><strong>concessu</strong></span> <span class='ocrx_word' id='word_1_397' title='bbox 1398 3850 1492 3901; x_wconf 62' lang='lat' dir='ltr'><strong>usuris</strong></span> <span class='ocrx_word' id='word_1_398' title='bbox 1509 3849 1644 3916; x_wconf 86' lang='lat' dir='ltr'><strong>antiquum</strong></span> <span class='ocrx_word' id='word_1_399' title='bbox 1706 3846 1741 3901; x_wconf 74' lang='lat'><strong>20</strong></span> <span class='ocrx_word' id='word_1_400' title='bbox 1757 3864 1831 3902; x_wconf 65' lang='lat' dir='ltr'><strong>sana</strong></span> 
     </span>
     <span class='ocr_line' id='line_1_35' title="bbox 386 3915 1830 3987; baseline -0.005 -13"><span class='ocrx_word' id='word_1_401' title='bbox 386 3922 547 3974; x_wconf 86' lang='lat' dir='ltr'><strong>tidiuisione</strong></span> <span class='ocrx_word' id='word_1_402' title='bbox 560 3960 565 3972; x_wconf 94' lang='lat'><strong>.</strong></span> <span class='ocrx_word' id='word_1_403' title='bbox 579 3957 585 3970; x_wconf 92' lang='lat'><strong>.</strong></span> <span class='ocrx_word' id='word_1_404' title='bbox 600 3959 623 3971; x_wconf 87' lang='lat'><strong>..</strong></span> <span class='ocrx_word' id='word_1_405' title='bbox 638 3916 793 3987; x_wconf 82' lang='lat' dir='ltr'><strong>patrimonii]</strong></span> <span class='ocrx_word' id='word_1_406' title='bbox 806 3920 842 3969; x_wconf 80' lang='lat' dir='ltr'><strong>sic</strong></span> <span class='ocrx_word' id='word_1_407' title='bbox 854 3936 907 3985; x_wconf 79' lang='lat' dir='ltr'><strong>ego,</strong></span> <span class='ocrx_word' id='word_1_408' title='bbox 916 3919 999 3970; x_wconf 90' lang='lat' dir='ltr'><strong>diuiso</strong></span> <span class='ocrx_word' id='word_1_409' title='bbox 1012 3957 1018 3971; x_wconf 89' lang='lat'><strong>.</strong></span> <span class='ocrx_word' id='word_1_410' title='bbox 1032 3956 1039 3970; x_wconf 89' lang='lat'><strong>.</strong></span> <span class='ocrx_word' id='word_1_411' title='bbox 1053 3955 1080 3971; x_wconf 91' lang='grc'><strong>..</strong></span> <span class='ocrx_word' id='word_1_412' title='bbox 1132 3916 1227 3985; x_wconf 84' lang='lat' dir='ltr'><strong>torum]</strong></span> <span class='ocrx_word' id='word_1_413' title='bbox 1249 3918 1431 3987; x_wconf 69' lang='lat' dir='ltr'><strong>Gotbosredua</strong></span> <span class='ocrx_word' id='word_1_414' title='bbox 1448 3925 1568 3971; x_wconf 87' lang='lat' dir='ltr'><strong>senatum</strong></span> <span class='ocrx_word' id='word_1_415' title='bbox 1582 3917 1608 3967; x_wconf 94' lang='lat' dir='ltr'><strong><em>V</em></strong></span> <span class='ocrx_word' id='word_1_416' title='bbox 1696 3915 1730 3968; x_wconf 78' lang='lat'><strong>21</strong></span> <span class='ocrx_word' id='word_1_417' title='bbox 1748 3918 1830 3970; x_wconf 85' lang='lat' dir='ltr'><strong>ueteri</strong></span> 
     </span>
     <span class='ocr_line' id='line_1_36' title="bbox 387 3984 1820 4057; baseline -0.003 -15"><span class='ocrx_word' id='word_1_418' title='bbox 387 3991 538 4057; x_wconf 84' lang='lat' dir='ltr'><strong>patrimonio</strong></span> <span class='ocrx_word' id='word_1_419' title='bbox 558 3989 743 4055; x_wconf 77' lang='lat' dir='ltr'><strong>Gotbosredas‚</strong></span> <span class='ocrx_word' id='word_1_420' title='bbox 762 3989 854 4040; x_wconf 85' lang='lat' dir='ltr'><strong>diuisis</strong></span> <span class='ocrx_word' id='word_1_421' title='bbox 875 4004 935 4040; x_wconf 92' lang='lat' dir='ltr'><strong>cum</strong></span> <span class='ocrx_word' id='word_1_422' title='bbox 956 3989 1080 4040; x_wconf 86' lang='lat' dir='ltr'><strong>iratribus</strong></span> <span class='ocrx_word' id='word_1_423' title='bbox 1132 3988 1237 4039; x_wconf 83' lang='lat' dir='ltr'><strong>Hoencl</strong></span> <span class='ocrx_word' id='word_1_424' title='bbox 1300 3985 1334 4038; x_wconf 74' lang='lat'><strong>22</strong></span> <span class='ocrx_word' id='word_1_425' title='bbox 1351 3984 1536 4055; x_wconf 85' lang='lat' dir='ltr'><strong>annuentibus]</strong></span> <span class='ocrx_word' id='word_1_426' title='bbox 1555 3988 1591 4039; x_wconf 83' lang='lat' dir='ltr'><strong>ric</strong></span> <span class='ocrx_word' id='word_1_427' title='bbox 1604 3987 1629 4037; x_wconf 93' lang='lat' dir='ltr'><strong><em>V</em></strong></span> <span class='ocrx_word' id='word_1_428' title='bbox 1677 3987 1820 4039; x_wconf 85' lang='lat' dir='ltr'><strong>constiterit</strong></span> 
     </span>
     <span class='ocr_line' id='line_1_37' title="bbox 387 4053 1819 4128; baseline -0.005 -16"><span class='ocrx_word' id='word_1_429' title='bbox 387 4061 512 4128; x_wconf 82' lang='lat' dir='ltr'><strong>(patribus</strong></span> <span class='ocrx_word' id='word_1_430' title='bbox 525 4060 574 4124; x_wconf 72' lang='lat' dir='ltr'><strong>Vs)</strong></span> <span class='ocrx_word' id='word_1_431' title='bbox 676 4055 859 4125; x_wconf 78' lang='lat' dir='ltr'><strong>patrimoniiV</strong></span> <span class='ocrx_word' id='word_1_432' title='bbox 922 4056 956 4108; x_wconf 90' lang='grc'><strong>10</strong></span> <span class='ocrx_word' id='word_1_433' title='bbox 973 4054 1080 4125; x_wconf 82' lang='lat' dir='ltr'><strong>patriae]</strong></span> <span class='ocrx_word' id='word_1_434' title='bbox 1134 4058 1223 4108; x_wconf 79' lang='lat' dir='ltr'><strong>malim</strong></span> <span class='ocrx_word' id='word_1_435' title='bbox 1235 4058 1374 4109; x_wconf 83' lang='lat' dir='ltr'><strong>ostenderit</strong></span> <span class='ocrx_word' id='word_1_436' title='bbox 1453 4056 1486 4110; x_wconf 75' lang='lat'><strong>26</strong></span> <span class='ocrx_word' id='word_1_437' title='bbox 1503 4074 1555 4124; x_wconf 92' lang='lat' dir='ltr'><strong>que</strong></span> <span class='ocrx_word' id='word_1_438' title='bbox 1570 4056 1621 4117; x_wconf 64' lang='lat' dir='ltr'><strong>V,</strong></span> <span class='ocrx_word' id='word_1_439' title='bbox 1675 4053 1709 4107; x_wconf 72' lang='lat'><strong>27</strong></span> <span class='ocrx_word' id='word_1_440' title='bbox 1727 4056 1819 4123; x_wconf 90' lang='lat' dir='ltr'><strong>origini</strong></span> 
     </span>
     <span class='ocr_line' id='line_1_38' title="bbox 387 4122 1831 4197; baseline -0.003 -16"><span class='ocrx_word' id='word_1_441' title='bbox 387 4147 418 4197; x_wconf 91' lang='lat' dir='ltr'><strong>pr</strong></span> <span class='ocrx_word' id='word_1_442' title='bbox 434 4130 543 4181; x_wconf 77' lang='lat' dir='ltr'><strong>scribere</strong></span> <span class='ocrx_word' id='word_1_443' title='bbox 560 4128 719 4193; x_wconf 58' lang='lat' dir='ltr'><strong>coaptamus</strong></span> <span class='ocrx_word' id='word_1_444' title='bbox 730 4144 776 4179; x_wconf 85' lang='lat' dir='ltr'><strong>em.</strong></span> <span class='ocrx_word' id='word_1_445' title='bbox 793 4126 834 4176; x_wconf 80' lang='lat' dir='ltr'><strong>V·</strong></span> <span class='ocrx_word' id='word_1_446' title='bbox 891 4126 921 4177; x_wconf 89' lang='lat'><strong>11</strong></span> <span class='ocrx_word' id='word_1_447' title='bbox 935 4123 971 4193; x_wconf 92' lang='lat' dir='ltr'><strong>xi]</strong></span> <span class='ocrx_word' id='word_1_448' title='bbox 986 4126 1080 4178; x_wconf 78' lang='lat' dir='ltr'><strong>Gelbe-</strong></span> <span class='ocrx_word' id='word_1_449' title='bbox 1134 4127 1234 4192; x_wconf 78' lang='lat' dir='ltr'><strong>scripsi,</strong></span> <span class='ocrx_word' id='word_1_450' title='bbox 1251 4127 1349 4193; x_wconf 89' lang='lat' dir='ltr'><strong>origine</strong></span> <span class='ocrx_word' id='word_1_451' title='bbox 1365 4126 1390 4176; x_wconf 93' lang='lat' dir='ltr'><strong><em>V</em></strong></span> <span class='ocrx_word' id='word_1_452' title='bbox 1437 4124 1472 4178; x_wconf 82' lang='lat'><strong>28</strong></span> <span class='ocrx_word' id='word_1_453' title='bbox 1490 4127 1595 4194; x_wconf 85' lang='lat' dir='ltr'><strong>obligati</strong></span> <span class='ocrx_word' id='word_1_454' title='bbox 1614 4122 1644 4193; x_wconf 88' lang='lat' dir='ltr'><strong>si]</strong></span> <span class='ocrx_word' id='word_1_455' title='bbox 1662 4125 1750 4186; x_wconf 73' lang='lat' dir='ltr'><strong>Seeck,</strong></span> <span class='ocrx_word' id='word_1_456' title='bbox 1767 4124 1831 4177; x_wconf 91' lang='lat' dir='ltr'><strong>obli·</strong></span> 
     </span>
     <span class='ocr_line' id='line_1_39' title="bbox 386 4195 1831 4267; baseline -0.003 -16"><span class='ocrx_word' id='word_1_457' title='bbox 386 4198 558 4267; x_wconf 48' lang='grc' dir='ltr'><strong>[κώνων</strong></span> <span class='ocrx_word' id='word_1_458' title='bbox 642 4196 671 4248; x_wconf 82' lang='lat' dir='ltr'><strong>ll</strong></span> <span class='ocrx_word' id='word_1_459' title='bbox 685 4196 786 4264; x_wconf 86' lang='lat' dir='ltr'><strong>nelpr.]</strong></span> <span class='ocrx_word' id='word_1_460' title='bbox 799 4195 976 4263; x_wconf 80' lang='lat' dir='ltr'><strong>mclimstpr.</strong></span> <span class='ocrx_word' id='word_1_461' title='bbox 1027 4213 1082 4263; x_wconf 87' lang='lat' dir='ltr'><strong>pre-</strong></span> <span class='ocrx_word' id='word_1_462' title='bbox 1134 4197 1202 4262; x_wconf 83' lang='lat' dir='ltr'><strong>gatis</strong></span> <span class='ocrx_word' id='word_1_463' title='bbox 1218 4195 1244 4245; x_wconf 93' lang='lat' dir='ltr'><strong><em>V</em></strong></span> <span class='ocrx_word' id='word_1_464' title='bbox 1285 4204 1348 4262; x_wconf 80' lang='lat' dir='ltr'><strong>port</strong></span> <span class='ocrx_word' id='word_1_465' title='bbox 1365 4213 1412 4248; x_wconf 89' lang='lat' dir='ltr'><strong>nos</strong></span> <span class='ocrx_word' id='word_1_466' title='bbox 1429 4196 1529 4249; x_wconf 65' lang='lat' dir='ltr'><strong>videte</strong></span> <span class='ocrx_word' id='word_1_467' title='bbox 1547 4196 1831 4248; x_wconf 59' lang='lat' dir='ltr'><strong>midiereolffiiisnos</strong></span> 
     </span>
     <span class='ocr_line' id='line_1_40' title="bbox 387 4264 1259 4335; baseline -0.005 -14"><span class='ocrx_word' id='word_1_468' title='bbox 387 4270 471 4321; x_wconf 85' lang='lat' dir='ltr'><strong>stituti</strong></span> <span class='ocrx_word' id='word_1_469' title='bbox 483 4275 500 4319; x_wconf 86' lang='lat' dir='ltr'><strong>t.</strong></span> <span class='ocrx_word' id='word_1_470' title='bbox 514 4267 677 4335; x_wconf 88' lang='lat' dir='ltr'><strong>prerogatiua</strong></span> <span class='ocrx_word' id='word_1_471' title='bbox 692 4266 716 4315; x_wconf 91' lang='lat' dir='ltr'><strong><em>V</em></strong></span> <span class='ocrx_word' id='word_1_472' title='bbox 799 4264 832 4317; x_wconf 91' lang='lat'><strong>18</strong></span> <span class='ocrx_word' id='word_1_473' title='bbox 849 4267 1019 4333; x_wconf 69' lang='lat' dir='ltr'><strong>confortasse</strong></span> <span class='ocrx_word' id='word_1_474' title='bbox 1036 4266 1081 4332; x_wconf 90' lang='lat' dir='ltr'><strong>qui</strong></span> <span class='ocrx_word' id='word_1_475' title='bbox 1135 4266 1259 4317; x_wconf 79' lang='lat' dir='ltr'><strong>similiave</strong></span> 
     </span>
    </p>
   </div>
   <div class='ocr_carea' id='block_1_6' title="bbox 263 4508 600 4582">
    <p class='ocr_par' dir='ltr' id='par_1_11' title="bbox 263 4508 600 4582">
     <span class='ocr_line' id='line_1_41' title="bbox 263 4508 600 4582; baseline -0.033 -10"><span class='ocrx_word' id='word_1_476' title='bbox 263 4517 292 4582; x_wconf 74' lang='grc' dir='ltr'><strong>ΙΙ,</strong></span> <span class='ocrx_word' id='word_1_477' title='bbox 307 4515 331 4581; x_wconf 90' lang='lat' dir='ltr'><strong>l,</strong></span> <span class='ocrx_word' id='word_1_478' title='bbox 345 4512 379 4565; x_wconf 85' lang='grc'><strong>75</strong></span> <span class='ocrx_word' id='word_1_479' title='bbox 397 4510 456 4577; x_wconf 80' lang='grc'>(371</span> <span class='ocrx_word' id='word_1_480' title='bbox 477 4509 534 4563; x_wconf 91' lang='lat' dir='ltr'><strong>Iun.</strong></span> <span class='ocrx_word' id='word_1_481' title='bbox 547 4508 600 4576; x_wconf 81' lang='lat'><strong>28).</strong></span> 
     </span>
    </p>
   </div>
   <div class='ocr_carea' id='block_1_7' title="bbox 270 4606 1882 5286">
    <p class='ocr_par' dir='ltr' id='par_1_12' title="bbox 270 4606 1882 5286">
     <span class='ocr_line' id='line_1_42' title="bbox 471 4606 1831 4681; baseline -0.003 -15"><span class='ocrx_word' id='word_1_482' title='bbox 471 4629 538 4667; x_wconf 67' lang='lat' dir='ltr'><strong>rnna</strong></span> <span class='ocrx_word' id='word_1_483' title='bbox 556 4629 623 4666; x_wconf 78' lang='grc' dir='ltr'>ιιι.</span> <span class='ocrx_word' id='word_1_484' title='bbox 641 4628 679 4665; x_wconf 80' lang='lat' dir='ltr'><strong>sn</strong></span> <span class='ocrx_word' id='word_1_485' title='bbox 698 4628 849 4665; x_wconf 74' lang='lat' dir='ltr'><strong>vrrssmvs</strong></span> <span class='ocrx_word' id='word_1_486' title='bbox 866 4611 1194 4679; x_wconf 74' lang='lat' dir='ltr'><strong>r(1raurac·1¹vrr)r(amb</strong></span> <span class='ocrx_word' id='word_1_487' title='bbox 1224 4612 1259 4681; x_wconf 88' lang='lat' dir='ltr'><strong>)o.</strong></span> <span class='ocrx_word' id='word_1_488' title='bbox 1297 4609 1353 4673; x_wconf 85' lang='lat' dir='ltr'><strong>Qui</strong></span> <span class='ocrx_word' id='word_1_489' title='bbox 1372 4606 1783 4679; x_wconf 85' lang='lat' dir='ltr'><strong>adsacerdotiumprovinciae</strong></span> <span class='ocrx_word' id='word_1_490' title='bbox 1801 4610 1831 4664; x_wconf 88' lang='lat' dir='ltr'><strong>et</strong></span> 
     </span>
     <span class='ocr_line' id='line_1_43' title="bbox 387 4693 1830 4771; baseline -0.004 -17"><span class='ocrx_word' id='word_1_491' title='bbox 387 4698 553 4771; x_wconf 88' lang='lat' dir='ltr'><strong>principalis</strong></span> <span class='ocrx_word' id='word_1_492' title='bbox 570 4697 703 4753; x_wconf 90' lang='lat' dir='ltr'><strong>honorem</strong></span> <span class='ocrx_word' id='word_1_493' title='bbox 721 4697 863 4768; x_wconf 85' lang='lat' dir='ltr'><strong>gradatim</strong></span> <span class='ocrx_word' id='word_1_494' title='bbox 881 4701 911 4753; x_wconf 89' lang='lat' dir='ltr'><strong>et</strong></span> <span class='ocrx_word' id='word_1_495' title='bbox 928 4716 979 4769; x_wconf 90' lang='lat' dir='ltr'><strong>per</strong></span> <span class='ocrx_word' id='word_1_496' title='bbox 996 4697 1121 4753; x_wconf 92' lang='lat' dir='ltr'><strong>ordinem</strong></span> <span class='ocrx_word' id='word_1_497' title='bbox 1137 4696 1300 4755; x_wconf 90' lang='lat' dir='ltr'><strong>muneribus</strong></span> <span class='ocrx_word' id='word_1_498' title='bbox 1318 4694 1470 4767; x_wconf 89' lang='lat' dir='ltr'><strong>expeditis,</strong></span> <span class='ocrx_word' id='word_1_499' title='bbox 1493 4714 1548 4751; x_wconf 93' lang='lat' dir='ltr'><strong>non</strong></span> <span class='ocrx_word' id='word_1_500' title='bbox 1564 4694 1660 4767; x_wconf 86' lang='lat' dir='ltr'><strong>gratia</strong></span> <span class='ocrx_word' id='word_1_501' title='bbox 1677 4693 1830 4752; x_wconf 89' lang='lat' dir='ltr'><strong>emendica-</strong></span> 
     </span>
     <span class='ocr_line' id='line_1_44' title="bbox 386 4780 1832 4856; baseline -0.005 -13"><span class='ocrx_word' id='word_1_502' title='bbox 386 4786 479 4856; x_wconf 88' lang='lat' dir='ltr'><strong>tisque</strong></span> <span class='ocrx_word' id='word_1_503' title='bbox 501 4783 655 4853; x_wconf 86' lang='lat' dir='ltr'><strong>suffragiis,</strong></span> <span class='ocrx_word' id='word_1_504' title='bbox 679 4786 708 4839; x_wconf 87' lang='lat' dir='ltr'><strong>et</strong></span> <span class='ocrx_word' id='word_1_505' title='bbox 729 4784 825 4840; x_wconf 88' lang='lat' dir='ltr'><strong>labore</strong></span> <span class='ocrx_word' id='word_1_506' title='bbox 849 4785 1040 4854; x_wconf 83' lang='lat' dir='ltr'><strong>pervenerint,</strong></span> <span class='ocrx_word' id='word_1_507' title='bbox 1058 4783 1186 4856; x_wconf 92' lang='lat' dir='ltr'><strong>probatis</strong></span> <span class='ocrx_word' id='word_1_508' title='bbox 1204 4784 1330 4849; x_wconf 88' lang='lat' dir='ltr'><strong>actibus,</strong></span> <span class='ocrx_word' id='word_1_509' title='bbox 1348 4783 1372 4838; x_wconf 89' lang='lat' dir='ltr'><strong>si</strong></span> <span class='ocrx_word' id='word_1_510' title='bbox 1390 4800 1509 4838; x_wconf 90' lang='lat' dir='ltr'><strong>consona</strong></span> <span class='ocrx_word' id='word_1_511' title='bbox 1527 4786 1571 4838; x_wconf 90' lang='lat' dir='ltr'><strong>est</strong></span> <span class='ocrx_word' id='word_1_512' title='bbox 1588 4780 1692 4837; x_wconf 86' lang='lat' dir='ltr'><strong>civium</strong></span> <span class='ocrx_word' id='word_1_513' title='bbox 1709 4781 1785 4836; x_wconf 82' lang='lat' dir='ltr'><strong>fama</strong></span> <span class='ocrx_word' id='word_1_514' title='bbox 1802 4784 1832 4837; x_wconf 89' lang='lat' dir='ltr'><strong>et</strong></span> 
     </span>
     <span class='ocr_line' id='line_1_45' title="bbox 387 4865 1832 4943; baseline -0.005 -15"><span class='ocrx_word' id='word_1_515' title='bbox 387 4872 500 4943; x_wconf 90' lang='lat' dir='ltr'><strong>publice</strong></span> <span class='ocrx_word' id='word_1_516' title='bbox 519 4872 556 4926; x_wconf 92' lang='lat' dir='ltr'><strong>ab</strong></span> <span class='ocrx_word' id='word_1_517' title='bbox 574 4870 703 4926; x_wconf 88' lang='lat' dir='ltr'><strong>universo</strong></span> <span class='ocrx_word' id='word_1_518' title='bbox 722 4870 817 4926; x_wconf 89' lang='lat' dir='ltr'><strong>ordine</strong></span> <span class='ocrx_word' id='word_1_519' title='bbox 835 4871 1049 4941; x_wconf 90' lang='lat' dir='ltr'><strong>conprobantur,</strong></span> <span class='ocrx_word' id='word_1_520' title='bbox 1067 4871 1227 4928; x_wconf 87' lang='lat' dir='ltr'><strong>habeantur</strong></span> <span class='ocrx_word' id='word_1_521' title='bbox 1244 4870 1387 4935; x_wconf 85' lang='lat' dir='ltr'><strong>immunes,</strong></span> <span class='ocrx_word' id='word_1_522' title='bbox 1406 4868 1464 4925; x_wconf 90' lang='lat' dir='ltr'><strong>otio</strong></span> <span class='ocrx_word' id='word_1_523' title='bbox 1482 4868 1595 4924; x_wconf 83' lang='lat' dir='ltr'><strong>fruituri</strong></span> <span class='ocrx_word' id='word_1_524' title='bbox 1612 4868 1687 4938; x_wconf 92' lang='lat' dir='ltr'><strong>quod</strong></span> <span class='ocrx_word' id='word_1_525' title='bbox 1705 4865 1832 4923; x_wconf 88' lang='lat' dir='ltr'><strong>continui</strong></span> 
     </span>
     <span class='ocr_line' id='line_1_46' title="bbox 386 4953 1882 5028; baseline -0.003 -14"><span class='ocrx_word' id='word_1_526' title='bbox 386 4958 491 5016; x_wconf 90' lang='lat' dir='ltr'><strong>laboris</strong></span> <span class='ocrx_word' id='word_1_527' title='bbox 518 4956 679 5014; x_wconf 86' lang='lat' dir='ltr'><strong>testimonio</strong></span> <span class='ocrx_word' id='word_1_528' title='bbox 701 4960 892 5027; x_wconf 91' lang='lat' dir='ltr'><strong>promerentur</strong></span> <span class='ocrx_word' id='word_1_529' title='bbox 914 4956 1088 5027; x_wconf 90' lang='lat' dir='ltr'><strong>liberumque</strong></span> <span class='ocrx_word' id='word_1_530' title='bbox 1110 4956 1148 5014; x_wconf 91' lang='lat' dir='ltr'><strong>sit</strong></span> <span class='ocrx_word' id='word_1_531' title='bbox 1172 4976 1273 5028; x_wconf 89' lang='lat' dir='ltr'><strong>corpus</strong></span> <span class='ocrx_word' id='word_1_532' title='bbox 1291 4974 1385 5013; x_wconf 88' lang='lat' dir='ltr'><strong>eorum</strong></span> <span class='ocrx_word' id='word_1_533' title='bbox 1403 4956 1440 5012; x_wconf 92' lang='lat' dir='ltr'><strong>ab</strong></span> <span class='ocrx_word' id='word_1_534' title='bbox 1458 4955 1503 5011; x_wconf 92' lang='lat' dir='ltr'><strong>his</strong></span> <span class='ocrx_word' id='word_1_535' title='bbox 1520 4954 1642 5020; x_wconf 89' lang='lat' dir='ltr'><strong>iniuriis,</strong></span> <span class='ocrx_word' id='word_1_536' title='bbox 1660 4972 1730 5025; x_wconf 89' lang='lat' dir='ltr'><strong>quas</strong></span> <span class='ocrx_word' id='word_1_537' title='bbox 1748 4953 1832 5010; x_wconf 82' lang='lat' dir='ltr'><strong>hono</strong></span> <span class='ocrx_word' id='word_1_538' title='bbox 1871 4970 1882 5010; x_wconf 81' lang='lat' dir='ltr'><strong>s</strong></span> 
     </span>
     <span class='ocr_line' id='line_1_47' title="bbox 270 5039 1831 5111; baseline -0.004 -10"><span class='ocrx_word' id='word_1_539' title='bbox 270 5089 272 5091; x_wconf 82' lang='lat'>-</span> <span class='ocrx_word' id='word_1_540' title='bbox 385 5048 462 5100; x_wconf 91' lang='lat' dir='ltr'><strong>ratos</strong></span> <span class='ocrx_word' id='word_1_541' title='bbox 479 5062 533 5099; x_wconf 91' lang='lat' dir='ltr'><strong>non</strong></span> <span class='ocrx_word' id='word_1_542' title='bbox 552 5044 633 5100; x_wconf 90' lang='lat' dir='ltr'><strong>decet</strong></span> <span class='ocrx_word' id='word_1_543' title='bbox 650 5043 794 5099; x_wconf 88' lang='lat' dir='ltr'><strong>sustinere.</strong></span> <span class='ocrx_word' id='word_1_544' title='bbox 830 5043 968 5099; x_wconf 86' lang='lat' dir='ltr'><strong>Honorem</strong></span> <span class='ocrx_word' id='word_1_545' title='bbox 986 5044 1073 5101; x_wconf 88' lang='lat' dir='ltr'><strong>etiam</strong></span> <span class='ocrx_word' id='word_1_546' title='bbox 1091 5043 1131 5099; x_wconf 88' lang='lat' dir='ltr'><strong>eis</strong></span> <span class='ocrx_word' id='word_1_547' title='bbox 1148 5062 1183 5101; x_wconf 91' lang='lat' dir='ltr'><strong>ex</strong></span> <span class='ocrx_word' id='word_1_548' title='bbox 1201 5043 1351 5099; x_wconf 89' lang='lat' dir='ltr'><strong>comitibus</strong></span> <span class='ocrx_word' id='word_1_549' title='bbox 1369 5042 1435 5099; x_wconf 91' lang='lat' dir='ltr'><strong>addi</strong></span> <span class='ocrx_word' id='word_1_550' title='bbox 1453 5060 1610 5106; x_wconf 86' lang='lat' dir='ltr'><strong>censemus,</strong></span> <span class='ocrx_word' id='word_1_551' title='bbox 1629 5058 1711 5111; x_wconf 90' lang='lat' dir='ltr'><strong>quem</strong></span> <span class='ocrx_word' id='word_1_552' title='bbox 1729 5039 1752 5095; x_wconf 90' lang='lat' dir='ltr'><strong>ii</strong></span> <span class='ocrx_word' id='word_1_553' title='bbox 1769 5058 1831 5096; x_wconf 92' lang='lat' dir='ltr'><strong>con·</strong></span> 
     </span>
     <span class='ocr_line' id='line_1_48' title="bbox 386 5125 1830 5201; baseline -0.001 -16"><span class='ocrx_word' id='word_1_554' title='bbox 386 5130 465 5201; x_wconf 87' lang='lat' dir='ltr'><strong>sequi</strong></span> <span class='ocrx_word' id='word_1_555' title='bbox 483 5131 581 5195; x_wconf 89' lang='lat' dir='ltr'><strong>solent,</strong></span> <span class='ocrx_word' id='word_1_556' title='bbox 600 5129 649 5198; x_wconf 93' lang='lat' dir='ltr'><strong>qui</strong></span> <span class='ocrx_word' id='word_1_557' title='bbox 667 5129 748 5184; x_wconf 90' lang='lat' dir='ltr'><strong>fidem</strong></span> <span class='ocrx_word' id='word_1_558' title='bbox 767 5128 999 5201; x_wconf 90' lang='lat' dir='ltr'><strong>diligentiamque</strong></span> <span class='ocrx_word' id='word_1_559' title='bbox 1017 5148 1096 5186; x_wconf 87' lang='lat' dir='ltr'><strong>snam</strong></span> <span class='ocrx_word' id='word_1_560' title='bbox 1113 5130 1143 5185; x_wconf 92' lang='lat' dir='ltr'><strong>in</strong></span> <span class='ocrx_word' id='word_1_561' title='bbox 1161 5128 1392 5186; x_wconf 88' lang='lat' dir='ltr'><strong>administrandis</strong></span> <span class='ocrx_word' id='word_1_562' title='bbox 1408 5128 1492 5185; x_wconf 90' lang='lat' dir='ltr'><strong>rebus</strong></span> <span class='ocrx_word' id='word_1_563' title='bbox 1504 5126 1627 5199; x_wconf 88' lang='lat' dir='ltr'><strong>publicis</strong></span> <span class='ocrx_word' id='word_1_564' title='bbox 1639 5125 1830 5198; x_wconf 85' lang='lat' dir='ltr'><strong>adprobarint</strong></span> 
     </span>
     <span class='ocr_line' id='line_1_49' title="bbox 386 5218 1326 5286; baseline 0 -15"><span class='ocrx_word' id='word_1_565' title='bbox 386 5234 447 5271; x_wconf 78' lang='lat' dir='ltr'><strong>nnn.</strong></span> <span class='ocrx_word' id='word_1_566' title='bbox 465 5235 509 5271; x_wconf 89' lang='lat' dir='ltr'><strong>nn</strong></span> <span class='ocrx_word' id='word_1_567' title='bbox 526 5235 591 5272; x_wconf 80' lang='lat' dir='ltr'><strong>m.</strong></span> <span class='ocrx_word' id='word_1_568' title='bbox 608 5235 661 5271; x_wconf 83' lang='lat' dir='ltr'><strong>rvr.</strong></span> <span class='ocrx_word' id='word_1_569' title='bbox 680 5218 824 5286; x_wconf 71' lang='lat' dir='ltr'><strong>manliam)</strong></span> <span class='ocrx_word' id='word_1_570' title='bbox 841 5233 980 5273; x_wconf 71' lang='lat' dir='ltr'><strong>cumano</strong></span> <span class='ocrx_word' id='word_1_571' title='bbox 998 5234 1024 5272; x_wconf 76' lang='lat' dir='ltr'><strong>a,</strong></span> <span class='ocrx_word' id='word_1_572' title='bbox 1043 5235 1064 5271; x_wconf 91' lang='lat'><strong>11</strong></span> <span class='ocrx_word' id='word_1_573' title='bbox 1081 5234 1115 5272; x_wconf 83' lang='lat' dir='ltr'><strong>sn</strong></span> <span class='ocrx_word' id='word_1_574' title='bbox 1132 5234 1221 5273; x_wconf 83' lang='lat' dir='ltr'><strong>raoso</strong></span> <span class='ocrx_word' id='word_1_575' title='bbox 1238 5233 1326 5272; x_wconf 83' lang='lat' dir='ltr'><strong>cossa</strong></span> 
     </span>
    </p>
   </div>
   <div class='ocr_carea' id='block_1_8' title="bbox 391 5334 540 5344">
    <p class='ocr_par' dir='ltr' id='par_1_13' title="bbox 391 5334 540 5344">
     <span class='ocr_line' id='line_1_50' title="bbox 391 5334 540 5344; baseline -0.013 0"><span class='ocrx_word' id='word_1_576' title='bbox 391 5334 540 5344; x_wconf 75' lang='grc'><strong>,--.-</strong></span> 
     </span>
    </p>
   </div>
   <div class='ocr_carea' id='block_1_9' title="bbox 387 5415 1215 5602">
    <p class='ocr_par' dir='ltr' id='par_1_14' title="bbox 387 5415 1215 5602">
     <span class='ocr_line' id='line_1_51' title="bbox 480 5415 504 5464; baseline 0 0"><span class='ocrx_word' id='word_1_577' title='bbox 480 5415 504 5464; x_wconf 88' lang='lat' dir='ltr'><strong><em>V</em></strong></span> 
     </span>
     <span class='ocr_line' id='line_1_52' title="bbox 387 5534 1215 5602; baseline -0.001 -15"><span class='ocrx_word' id='word_1_578' title='bbox 387 5534 500 5588; x_wconf 84' lang='lat' dir='ltr'><strong>laaV</strong></span> <span class='ocrx_word' id='word_1_579' title='bbox 567 5534 629 5591; x_wconf 85' lang='lat' dir='ltr'><strong>3et</strong></span> <span class='ocrx_word' id='word_1_580' title='bbox 645 5537 745 5599; x_wconf 90' lang='lat' dir='ltr'><strong>labore]</strong></span> <span class='ocrx_word' id='word_1_581' title='bbox 764 5536 809 5589; x_wconf 91' lang='lat' dir='ltr'><strong>sed</strong></span> <span class='ocrx_word' id='word_1_582' title='bbox 827 5534 1034 5602; x_wconf 73' lang='lat' dir='ltr'><strong>LOolbosredur</strong></span> <span class='ocrx_word' id='word_1_583' title='bbox 1101 5534 1174 5588; x_wconf 77' lang='lat' dir='ltr'><strong>thir·</strong></span> <span class='ocrx_word' id='word_1_584' title='bbox 1190 5535 1215 5586; x_wconf 89' lang='lat' dir='ltr'><strong><em>V</em></strong></span> 
     </span>
    </p>
   </div>
   <div class='ocr_carea' id='block_1_10' title="bbox 0 0 2404 6400">
    <p class='ocr_par' dir='ltr' id='par_1_15' title="bbox 0 0 2404 6400">
     <span class='ocr_line' id='line_1_53' title="bbox 0 0 2404 6400; baseline 0 0"><span class='ocrx_word' id='word_1_585' title='bbox 0 0 2404 6400; x_wconf 95' lang='lat' dir='ltr'><strong> </strong></span> 
     </span>
    </p>
   </div>
  </div>
 </body>
</html>
