4800 6400
567 677 785 742 Muta
1261 682 1325 744 ffit
1702 682 2021 737 mmmmmm

567 848 676 905 alienae
695 849 781 904 luerit
799 866 895 905 servae
914 846 1086 911 coniunctus,
1105 850 1134 903 et
1152 847 1297 904 mulierem
1315 846 1344 901 in

568 936 714 991 metallum
737 933 814 990 trudi
837 951 888 1004 per
910 931 1078 988 seutentiam
1097 932 1199 989 iudicis
1217 933 1345 990 iubemus

568 1025 597 1077 ct
610 1021 703 1092 ipsum
716 1021 892 1078 decurionem
906 1021 935 1075 in
948 1020 1069 1075 insulam
1081 1018 1234 1091 deportari,
1249 1019 1344 1075 *bonis
1520 1027 1655 1078 *omnibus
1673 1027 1748 1079 bonis
1766 1026 1840 1080 eiua*

567 1108 628 1164 eius
645 1108 797 1162 mobilibus
818 1111 847 1163 et
860 1106 973 1162 urbanis
985 1105 1135 1176 mancipiis
1153 1105 1342 1170 confiscandis,

568 1193 692 1262 praediis
710 1211 775 1248 vero
793 1197 823 1249 et
839 1192 953 1248 rusticis
971 1192 1135 1263 mancipiis*
1155 1191 1277 1255 civitati,
1297 1191 1376 1248 cuius
1394 1193 1509 1249 curialis
1526 1196 1631 1261 luerat,
1649 1195 1864 1268 mancipandis,
1882 1196 1907 1253 si
1925 1197 2018 1269 patria
2051 1211 2062 1249 ι

568 1284 711 1351 potestate
728 1280 814 1336 fuerit
831 1279 967 1335 liberatus
984 1280 1131 1350 nullosque
1149 1279 1256 1335 habeat
1273 1279 1377 1335 liberos
1396 1282 1441 1336 vel
1459 1284 1590 1351 parentas
1609 1282 1653 1338 vel
1667 1281 1756 1338 etiam
1767 1283 1952 1354 propinquos,
1969 1285 2018 1354 qni

567 1366 720 1421 secundum
738 1367 832 1438 legum
855 1365 978 1422 ordinem
1001 1365 1037 1421 ad
1059 1365 1119 1421 eius
1140 1364 1342 1420 successionem
1366 1368 1507 1421 vocantur.
1544 1366 1671 1429 Quodsi
1693 1370 1805 1425 actores
1823 1368 1871 1425 vel
1890 1387 2018 1440 procura·

568 1458 642 1509 tores
665 1452 732 1517 loci,
755 1453 784 1507 in
808 1471 862 1522 quo
881 1451 1021 1524 flagitium
1039 1450 1190 1505 admissum
1209 1453 1259 1515 est,
1278 1452 1391 1507 suerunt
1408 1451 1512 1507 conscii
1525 1452 1569 1507 vel
1589 1456 1763 1525 compertum
1774 1454 1888 1510 facinus
1900 1455 2017 1527 prodere

567 1539 729 1603 noluerunt,
747 1539 863 1595 metallo
884 1556 931 1594 eos
949 1536 1081 1593 convenit
1099 1536 1238 1607 inplicari.
1275 1536 1304 1590 Si
1323 1555 1388 1593 vcro
1411 1538 1538 1593 dominus
1556 1540 1610 1594 hoc
1627 1539 1687 1596 fieri
1705 1539 1837 1610 permisit
1856 1542 1902 1597 vel
1921 1547 2019 1613 postea
2080 1531 2084 1537 ’

568 1625 712 1697 cognitum
736 1625 848 1690 celavit,
867 1624 891 1679 si
909 1624 1022 1694 quidem
1039 1623 1069 1677 in
1088 1642 1156 1695 agro
1173 1622 1204 1677 id
1222 1624 1328 1678 tactum
1356 1626 1406 1689 est,
1437 1625 1538 1680 fundus
1566 1644 1629 1680 cnm
1651 1625 1802 1698 mancipiis
1820 1630 1852 1683 at
1870 1628 2018 1698 pecoribus
2043 1641 2063 1679 u

568 1710 722 1781 ceterisque
740 1712 835 1776 rebus,
854 1729 926 1780 quae
944 1710 1034 1767 cultui
1052 1709 1157 1765 rustico
1174 1709 1355 1775 sustinentur,
1373 1710 1433 1766 fisci
1453 1711 1559 1767 viribus
1579 1711 1749 1778 vindicatum
1773 1711 1797 1766 si
1817 1730 1885 1769 vero
1903 1713 1934 1769 in
1952 1712 2018 1769 ciri·

568 1801 628 1853 tate
653 1796 682 1851 id
704 1798 810 1852 lactum
832 1800 883 1861 est,
910 1796 1057 1851 dimidiam
1080 1797 1213 1851 bonorum
1236 1795 1359 1850 omnium
1381 1800 1491 1866 partem
1513 1797 1702 1868 praecipimus
1721 1798 1880 1864 confiscari,
1900 1817 2019 1870 poenam

568 1887 710 1955 augentes,
723 1882 855 1952 quoniam
872 1882 948 1938 intra
966 1881 1133 1937 domesticos
1150 1879 1275 1950 parietes
1293 1881 1383 1935 soclus
1401 1880 1552 1937 admissum
1570 1886 1621 1947 est,
1638 1884 1713 1952 quod
1730 1882 1823 1938 noluit
1843 1901 1910 1939 mox
1928 1885 2020 1956 cogni·

568 1973 628 2024 tum
655 1969 808 2039 publicare.
827 1970 839 2035 ΙΙ
859 1968 952 2040 igitur
976 1968 1000 2023 si
1026 1967 1099 2038 legis
1128 1967 1205 2022 latae
1232 1964 1277 2021 die
1295 1965 1471 2037 repperietur
1494 1967 1643 2037 quisquam
1670 1967 1756 2039 patri·
1805 1952 1891 2055 infla
1909 1988 1980 2026 rvsr.

567 2055 690 2110 monium
716 2074 795 2111 suum
817 2054 954 2111 alienasse
981 2058 1067 2123 atque
1092 2052 1120 2107 iu
1143 2051 1285 2108 dominum
1308 2052 1435 2109 servulae
1461 2054 1624 2118 contulisse,
1648 2054 1739 2110 ordini
1760 2055 1850 2113 liceat
1867 2057 2021 2130 diligenter
2045 2070 2065 2108 rs

568 2140 715 2210 inquirere,
733 2143 766 2196 nt
778 2139 820 2195 ita
832 2139 873 2196 rei
891 2139 1023 2211 publicae
1042 2136 1170 2193 civitatis
1187 2137 1262 2206 quod
1279 2138 1313 2193 de
1331 2138 1517 2195 facultatibus
1534 2158 1620 2211 supra
1636 2140 1707 2197 dicti
1724 2141 1812 2199 fuerit
1829 2143 2017 2208 deminutum,

569 2226 598 2282 in
621 2226 741 2298 pecunia
760 2226 906 2282 sarciatur.
941 2241 1002 2279 aar.
1021 2241 1084 2279 aar.
1102 2241 1156 2279 rvr.
1174 2224 1343 2292 samaras)
1361 2240 1547 2280 causamme
1564 2244 1592 2281 s.
1611 2244 1629 2282 v
1647 2244 1680 2282 ar
1696 2244 1798 2283 nmmo
1815 2246 1838 2284 o.
1857 2246 1949 2285 uorsa

665 2401 692 2455 V.
710 2430 743 2438 -
761 2402 846 2453 IVST.
859 2400 885 2465 ὃ,
897 2397 922 2464 5,
934 2398 958 2451 3.

571 2524 726 2578 2iuuemua
743 2524 767 2573 V
816 2520 1024 2575 Biuorintluat.
1080 2537 1195 2586 promere
1204 2520 1269 2572 Iaso,
1325 2518 1356 2571 14
1373 2518 1463 2587 igitur]
1482 2530 1643 2586 expectamus
1660 2522 1706 2573 sed
1756 2522 1788 2576 15
1805 2525 1953 2578 dominium
1970 2525 2023 2575 1¹¹·

640 2594 670 2646 11
694 2595 837 2646 sustinetur
860 2591 894 2640 V:
921 2590 1012 2640 aialim
1038 2590 1201 2640 destinantur

1954 2738 2019 2748 --.

423 2814 792 2886 mmummum

655 2940 719 2977 maa
738 2941 764 2976 s.
783 2940 821 2976 en
838 2938 963 2975 anrorvrr.
999 2918 1087 2974 Filios
1106 2919 1294 2985 decurionum,
1307 2919 1356 2989 qni
1374 2921 1470 2976 decem
1489 2924 1519 2975 et
1537 2925 1602 2977 octo
1620 2938 1753 2977 annorum
1772 2926 1870 2980 aetate
1889 2931 2025 2998 vegetan-

570 3012 623 3071 tur,
642 3024 693 3077 per
710 3007 883 3078 provinciam
902 3006 1106 3078 Karthaginem
1124 3006 1286 3062 muneribus
1305 3006 1405 3063 civicis
1423 3007 1574 3079 adgregari
1593 3008 1789 3079 praecipimus.
1826 3009 1928 3082 Neque
1948 3014 2023 3070 anim

569 3093 769 3165 opperiendum
787 3096 838 3157 est,
857 3097 890 3148 ut
907 3095 1052 3149 solvantur
1070 3092 1179 3148 familia
1197 3097 1227 3149 et
1244 3092 1331 3148 sacris
1349 3092 1532 3163 explicentur,
1552 3112 1615 3148 cnm
1634 3095 1793 3150 voluntates
1806 3101 1921 3166 patrum
1942 3118 2025 3170 prae-

570 3178 695 3235 iudicare
718 3196 773 3236 non
791 3179 913 3236 debeant
930 3178 1107 3236 utilitatibus
1125 3179 1284 3235 civitatum.
1320 3180 1511 3252 elaolrspsnu)
1531 3199 1551 3236 x
1568 3199 1632 3237 aaa
1645 3199 1726 3237 asar.
1743 3200 1934 3242 comsumo
1953 3206 1981 3244 s.
1994 3207 2025 3244 vr

569 3282 603 3320 ar
619 3282 786 3320 consensuro
803 3283 827 3321 o.
845 3282 934 3320 corea.
2061 3287 2073 3325 5

664 3441 688 3493 V

571 3562 584 3615 l
604 3564 637 3616 ad
654 3561 775 3627 edictum]
792 3561 821 3625 V,
839 3562 924 3614 detuit
941 3578 995 3613 ease
1012 3562 1123 3613 edictum
1142 3559 1210 3628 (vide
1228 3562 1265 3613 ad
1286 3567 1324 3625 11,
1338 3567 1375 3628 to,
1390 3562 1420 3626 3)
1489 3561 1506 3614 5
1527 3564 1668 3629 requiritur
1691 3565 1853 3617 constantino

426 3792 486 3857 XII,
503 3792 524 3855 l,
540 3793 556 3846 8
574 3786 678 3855 (323[‘2]
699 3787 764 3856 Apr.
780 3786 828 3854 13).

657 3908 720 3945 inari
739 3908 765 3943 a.
784 3909 821 3945 ao
840 3907 1017 3945 moratura.
1053 3889 1221 3946 Decuriones
1240 3890 1276 3943 ad
1294 3889 1493 3961 nragistratum
1514 3891 1558 3946 vel
1577 3889 1750 3946 exactionem
1763 3908 1936 3946 annonarum
1955 3900 2023 3951 ante

571 3980 628 4032 tres
650 3995 757 4033 menses
781 3978 825 4032 vel
848 3976 970 4047 amplius
991 3975 1128 4030 nominari
1153 3977 1267 4041 debent,
1288 3981 1333 4040 ut,
1353 3976 1375 4029 si
1396 3975 1572 4045 querimonia
1596 3995 1691 4032 eorum
1709 3976 1783 4030 iusta
1803 3976 1941 4038 videatur,
1961 3980 2023 4037 siue

571 4063 772 4133 impedimento
799 4062 827 4117 in
854 4062 1017 4118 absolvendi
1045 4063 1137 4116 locum
1164 4062 1237 4117 alius
1265 4063 1438 4134 subrogetur.
1484 4081 1545 4117 nar.
1573 4081 1609 4116 1n.
1635 4080 1724 4118 saara
1747 4069 2023 4134 corsuaarrrsorspar)

571 4167 673 4204 sarano
692 4167 723 4203 nr
741 4167 842 4203 avrruo
860 4167 948 4203 ceses.

663 4327 976 4393 u-mmffim

573 4450 769 4502 lflorentinum
790 4452 876 4500 irrisero
900 4448 1047 4512 11‚30,1⁸.’:
1075 4466 1142 4514 orep.
1160 4450 1271 4499 incertus
1324 4449 1871 4514 sieubscriptio(bicet11,30,12)cera
1891 4459 1928 4500 cst

605 4519 622 4570 ‘2
640 4521 743 4586 anplius
762 4520 781 4568 V
850 4519 866 4570 3
885 4519 1104 4585 constantinopoli
1123 4519 1271 4581 delendave,

579 4648 654 4655 ..⁶—
664 4645 856 4653 --ω--ᾳ-
864 4645 949 4651 -υ
961 4645 997 4650 --·
1047 4644 1061 4648 —
1094 4643 1149 4649 ---
1162 4645 1179 4649 -
1201 4646 1233 4651 --
1247 4644 2020 4654 -ψ---ᾲ-...ῌμ-*ῃ-

425 4725 748 4795 mmmmma

656 4850 722 4886 marr
750 4851 777 4886 a.
806 4849 843 4885 sn
869 4848 1043 4885 nnsarrsvu
1066 4833 1280 4899 raocloasvamr)
1306 4830 1448 4896 assiduat
1491 4828 1519 4882 Si
1542 4827 1605 4896 quis
1629 4828 1741 4883 decurio
1766 4828 1810 4883 rel
1828 4828 1960 4899 propriae
1980 4830 2022 4886 rei

571 4938 655 4974 causa
676 4920 719 4974 vel
737 4918 776 4974 rei
796 4918 928 4988 publicae
947 4924 1065 4989 cogatur
1082 4921 1207 4973 nostrum
1226 4918 1303 4973 adire
1322 4915 1500 4979 comitatum,
1525 4915 1549 4969 is
1572 4934 1625 4969 uon
1644 4920 1709 4970 aute
1729 4914 1856 4971 discedat
1874 4935 1959 4984 quam
1978 4917 2020 4972 in·

571 5002 682 5057 sinuato
701 5002 788 5056 iudici
802 5002 938 5057 desiderio
951 5002 1143 5072 proficiscendi
1156 5002 1301 5058 licentiam
1314 5006 1506 5068 consequatur.
1543 5000 1622 5062 Quod
1639 5001 1663 5054 si
1677 5017 1727 5069 pro
1739 5018 1789 5055 sua
1803 5000 1924 5056 audacia
1936 5003 2020 5071 parri

571 5088 674 5157 aliquis
703 5089 776 5142 hano
806 5087 905 5143 fecerit
934 5088 1091 5152 iussionem,
1124 5087 1343 5158 *deportationis
1391 5071 1937 5156 lffdiguationemcompetentem⁴1vsn

572 5174 691 5230 exitum*
706 5174 848 5228 sortiatur.
887 5176 1081 5244 alaolrlosrra)
1090 5194 1131 5229 vn
1143 5193 1179 5229 m.
1192 5193 1245 5229 rvr..
1260 5159 1458 5244 messentius)
1476 5192 1568 5229 carseo
1582 5191 1614 5227 111
1631 5192 1664 5228 ar
1681 5192 1911 5229 cosarrrrraour
1930 5193 2021 5232 cossa
2060 5195 2072 5229 s

669 5351 695 5402 V.
716 5379 748 5387 -
768 5353 851 5402 ll'ST.
867 5351 907 5413 10,
920 5351 963 5414 32,
979 5352 1018 5405 to.

571 5470 589 5523 5
606 5473 713 5522 exitium
733 5472 907 5539 Gothosrsdua
