4800 6400
388 716 437 771 on
452 715 706 772 naovmounvs
775 795 777 797 ,
1084 718 1145 784 esi
1534 716 1604 785 ΧΠ
1629 723 1643 785 1
1670 718 1839 786 rie-119

273 887 645 957 mmmmm

475 1009 568 1047 mre.
582 1008 811 1056 summumve,
823 993 1011 1062 rasoniosrrs)
1028 1009 1061 1047 nu
1073 993 1230 1063 nucumve)
1247 1010 1315 1047 aas.
1333 1009 1450 1048 srnrsro
1463 995 1640 1064 remansero)
1653 994 1838 1064 r(mmou1)0.

389 1079 499 1144 Omnes,
517 1078 567 1148 qui
585 1095 618 1133 ex
636 1077 743 1149 origine
761 1077 940 1134 decurionum
958 1078 996 1133 ad
1014 1079 1183 1148 perorandae
1202 1095 1301 1134 causas
1320 1079 1539 1153 laudumatque
1554 1081 1717 1164 ‚industrias
1744 1099 1837 1138 amore

390 1167 541 1227 ducuntur,
565 1165 684 1220 reddant
706 1164 830 1235 patriae,
853 1164 898 1220 oni
920 1164 982 1220 nati
1005 1169 1083 1230 sunt,
1102 1165 1214 1221 debitas
1236 1165 1394 1223 functiones
1417 1184 1467 1224 nec
1485 1185 1546 1224 sese
1564 1168 1696 1240 superflui
1715 1166 1834 1224 nominis

390 1251 588 1322 praerogativa
609 1251 774 1315 defendent,
801 1250 913 1319 quando
940 1249 1054 1319 quidem
1081 1250 1193 1308 facilius
1216 1269 1314 1322 parere
1333 1251 1435 1307 muniis
1458 1253 1579 1323 possint,
1597 1253 1622 1309 si
1639 1253 1837 1310 necessitatem

391 1337 534 1408 publicam
559 1355 591 1393 eo
613 1340 752 1407 tempore,
775 1355 830 1406 quo
854 1337 969 1393 student
991 1336 1095 1401 musis,
1119 1335 1274 1393 industriae
1299 1337 1394 1394 favore
1416 1338 1608 1396 toleraverint.
1644 1357 1706 1396 osu.
1724 1357 1755 1395 vr
1773 1356 1836 1395 usu

390 1441 480 1479 nrum
497 1424 789 1493 consummemur)
807 1424 1032 1493 vndmmmlano
1050 1442 1077 1479 s.
1096 1440 1128 1478 m
1145 1440 1178 1478 nr
1195 1441 1329 1479 nmnorro
1348 1442 1436 1481 conss

484 1616 505 1666 V

392 1735 657 1805 deese]V²,eeseV¹
711 1734 844 1803 superflui]
862 1738 974 1804 formose
987 1738 1091 1805 superbi
1144 1754 1196 1803 quo
1219 1735 1299 1804 (quod
1320 1737 1354 1803 V)
1382 1739 1487 1790 student
1512 1740 1598 1791 causis
1625 1739 1714 1791 deletis
1739 1740 1761 1791 si
1783 1755 1839 1792 nec

425 1806 443 1859 4
460 1807 559 1872 requiri
574 1807 675 1859 videtum
694 1807 789 1858 muniis
811 1808 912 1874 possint
928 1823 959 1859 eo
977 1815 1090 1875 tempore
1144 1807 1278 1875 publicam
1295 1816 1320 1860 ct
1335 1808 1388 1860 ind
1406 1810 1494 1861 fanore
1511 1808 1680 1862 tolerauerint

273 2010 645 2082 mmmmm

477 2132 544 2170 marr
566 2133 634 2170 su.
656 2131 772 2170 munero
795 2117 970 2185 mmmmm)
991 2118 1171 2186 desummo.
1219 2115 1345 2179 Quilibet
1367 2113 1568 2188 principalium
1591 2118 1635 2175 vel
1661 2119 1841 2177 decurionum

392 2202 437 2258 vel
449 2201 580 2257 decoctor
590 2199 749 2271 pedumiae
762 2201 895 2271 publicae
908 2201 953 2258 vel
965 2201 1159 2258 fraudulentus
1177 2200 1207 2257 in
1225 2200 1463 2258 adscribtionibus
1481 2202 1599 2259 inlicitis
1617 2205 1662 2259 rel
1686 2205 1840 2263 inmodera-

393 2292 438 2343 tus
456 2287 485 2342 in
504 2286 650 2343 exactione
668 2287 754 2342 fuerit
772 2286 910 2352 iuventus,
929 2287 1009 2343 iuxta
1026 2287 1176 2358 pristinam
1194 2287 1422 2345 consuetudinem
1435 2306 1490 2344 non
1502 2289 1593 2345 solum
1604 2309 1622 2347 a
1634 2291 1721 2358 vobis,
1736 2293 1839 2363 quibus

392 2376 508 2445 propter
525 2373 580 2428 loci
599 2374 770 2445 dignitatem
787 2392 879 2430 rernm
897 2392 1005 2430 summa
1023 2374 1170 2430 commissa
1188 2379 1243 2440 est,
1264 2393 1359 2431 verum
1380 2393 1398 2431 a
1423 2373 1565 2432 iudicibus
1582 2378 1729 2434 ordinariis
1747 2380 1838 2450 plum·

391 2461 522 2518 betarum
534 2458 639 2516 ictibus
657 2460 820 2518 subiciatur.
856 2478 918 2516 nar.
931 2478 1024 2516 ramur
1036 2478 1099 2517 usa
1114 2478 1205 2518 aran.
1223 2462 1841 2536 oossrsnr(1uo)r(om)vsn(unrm1)auos.m

391 2563 425 2601 ur
441 2563 576 2601 morio
593 2563 682 2601 conss

486 2757 513 2809 V.
532 2785 565 2794 -
584 2759 671 2811 wer.
686 2755 726 2824 10,
739 2755 780 2824 32,
793 2755 835 2809 40.

393 2893 504 2964 2p's‘cae
522 2895 547 2945 V
611 2891 748 2962 4110an
769 2911 860 2948 uerum
877 2895 952 2947 etiem
973 2894 1037 2946 luet.
1050 2893 1090 2962 (1)
1159 2894 1176 2947 b
1193 2893 1286 2964 pridie]
1305 2896 1346 2949 die
1361 2894 1388 2946 V

272 3104 301 3171 ll,
318 3102 406 3170 1,118
424 3100 485 3168 (387
503 3101 556 3156 lul.
568 3100 604 3166 6).

477 3223 544 3262 mari
562 3223 629 3261 sss.
642 3222 758 3261 crumro
771 3206 946 3276 dalmacio)
960 3208 1143 3276 marmano.
1180 3204 1299 3262 Decurio
1312 3205 1462 3270 fortunam,
1477 3220 1563 3274 quam
1579 3205 1718 3261 nascendo
1729 3207 1840 3274 meruit,

392 3292 534 3365 suffragiis
552 3297 637 3361 atque
656 3291 811 3348 ambitione
828 3309 883 3346 non
900 3294 999 3355 mutet,
1017 3294 1048 3348 et
1065 3291 1089 3346 si
1107 3309 1208 3348 vacare
1230 3309 1280 3362 per
1297 3293 1471 3348 senectutem
1488 3289 1622 3362 potuerit,
1641 3296 1757 3363 propter
1768 3293 1839 3349 ordi·

393 3380 544 3444 nationem,
568 3395 641 3448 quae
665 3395 716 3448 per
739 3376 873 3448 plurimos
898 3376 956 3432 cito
975 3377 1084 3434 definim
1104 3378 1185 3442 solet,
1199 3376 1306 3433 curiam
1323 3394 1379 3432 non
1395 3376 1546 3446 relinquat.
1558 3379 1570 3444 11
1629 3362 1712 3466 infin.
1730 3397 1800 3434 rvsr.

362 3469 375 3523 1
393 3466 468 3521 Illud
490 3482 556 3521 vero
579 3464 683 3520 iterata
705 3464 768 3534 lege
789 3463 991 3535 praecipimus,
1015 3480 1051 3519 ne
1073 3462 1218 3519 inlocum
1246 3463 1390 3534 proprium
1413 3463 1497 3520 homo
1520 3454 1840 3522 omnlis‘fflin‘nffi

394 3551 550 3607 substituat
575 3553 605 3607 et
631 3549 694 3620 ipse
720 3549 827 3605 otiosus
854 3549 1020 3605 defendatur
1045 3548 1180 3605 senatorii
1202 3548 1322 3605 nominis
1345 3549 1494 3621 dignitate.
1531 3549 1561 3605 si
1579 3550 1643 3620 quis
1660 3569 1726 3608 vero
1745 3553 1782 3608 ad
1799 3553 1839 3608 in-

394 3637 520 3693 debitum
546 3636 679 3692 honorem
706 3635 826 3705 posthac
853 3634 998 3704 adspirare
1027 3651 1111 3689 ansus
1133 3634 1231 3699 fuerit,
1256 3634 1426 3690 auctoritate
1445 3634 1580 3691 ordinarii
1597 3635 1700 3692 iudicis
1718 3642 1841 3694 remotus

394 3723 505 3795 patriae
522 3724 656 3779 reddatur
673 3727 703 3778 et
721 3720 836 3777 civibus.
879 3738 939 3776 oar.
960 3738 1033 3776 raro.
1052 3738 1114 3776 non.
1133 3738 1186 3775 iva
1199 3722 1493 3793 corenam(1no)r(om)
1511 3723 1739 3793 sedunumbuo
1758 3742 1784 3780 a.
1809 3741 1841 3779 m

394 3828 427 3865 rr
444 3827 578 3866 armorro
595 3827 684 3864 conss.

489 4020 518 4073 V.
538 4048 571 4057 -
589 4021 673 4071 IVS'I'.
688 4015 729 4081 10,
741 4016 784 4081 32,
795 4015 838 4070 41.

397 4142 409 4193 l
429 4144 563 4193 furtunam
580 4139 605 4189 V
669 4138 686 4190 6
703 4139 814 4190 ordinari
831 4137 856 4187 V

272 4355 302 4422 ll,
316 4357 340 4421 1,
354 4354 403 4409 119
422 4346 484 4417 (388
502 4347 562 4401 Iun.
574 4346 626 4415 21).

482 4471 549 4509 mms
575 4456 642 4506 sut.
670 4465 790 4504 namo
819 4450 993 4519 mammio)
1016 4449 1197 4518 quemme.
1242 4445 1450 4518 Claudiopolis,
1473 4446 1616 4503 Prusiadis
1639 4465 1673 4504 ac
1697 4447 1795 4505 Tottai
1813 4452 1841 4505 et

395 4540 507 4598 Doridis
525 4538 692 4609 oppidorum
709 4536 769 4593 sive
786 4537 961 4592 mansionum
979 4555 1030 4607 per
1045 4536 1212 4607 Bithyniam
1230 4536 1351 4592 curiales
1368 4535 1491 4607 publicis
1508 4535 1635 4593 inludere
1652 4537 1842 4594 functionibus

396 4646 447 4700 psr
464 4644 544 4682 suam
561 4626 658 4696 bugam
676 4622 857 4693 cognovimus
869 4622 1060 4693 iubemusque,
1073 4626 1106 4679 ut
1118 4622 1220 4680 edictis
1232 4621 1363 4693 primitus
1375 4622 1486 4679 evocati
1499 4621 1675 4678 utilitatibus
1688 4642 1718 4679 se
1730 4623 1842 4695 patriae

395 4717 426 4771 et
444 4713 471 4770 ei
489 4712 535 4768 cui
551 4711 613 4767 nati
631 4715 696 4766 sunt
713 4709 866 4767 restituant
884 4709 1005 4766 civitati.
1042 4710 1123 4774 Quod
1140 4708 1165 4764 si
1183 4708 1270 4766 etiarn
1289 4712 1354 4779 post
1365 4707 1509 4779 publicam
1522 4708 1741 4765 admonitionem
1756 4711 1841 4780 fugae

396 4804 426 4858 et
444 4798 631 4856 indevotionis
653 4796 715 4851 vita
737 4797 904 4866 praefertur,
923 4800 990 4852 tunc
1015 4813 1049 4850 ex
1071 4794 1180 4852 idoneis
1197 4794 1357 4865 quibusque
1381 4794 1543 4865 corporibus
1561 4812 1595 4849 ac
1613 4793 1790 4864 potissimum
1807 4813 1841 4851 ex

395 4887 454 4952 his,
477 4884 526 4955 qui
549 4884 578 4939 in
600 4882 787 4940 sublimitatis
808 4887 875 4939 tuae
897 4882 989 4938 officio
1011 4883 1161 4953 probatem
1179 4882 1313 4938 militiam
1335 4885 1517 4953 peregerunt,
1540 4879 1569 4935 in
1587 4881 1680 4936 locum
1697 4881 1841 4952 fugacium

396 4973 594 5042 subrogentur,
617 4970 660 5024 ita
682 4973 727 5034 ut,
747 4986 864 5037 quornm
881 4967 1002 5024 subeunt
1018 4968 1214 5034 necessitates,
1240 4971 1270 5023 et
1286 4966 1458 5039 patrimonia
1476 4970 1688 5037 consequantur,
1708 4966 1775 5033 illis,
1793 4968 1843 5037 qui

396 5062 496 5131 sponte
514 5056 638 5129 patriam
655 5055 836 5124 reliquerunt,
855 5054 885 5109 id
902 5053 1079 5110 necessitatis
1095 5054 1251 5120 habituris,
1272 5060 1304 5112 ut
1322 5059 1458 5125 perpetuo
1481 5054 1597 5109 careant
1614 5052 1660 5109 oui
1678 5053 1751 5109 nihil
1769 5071 1844 5111 com·

394 5145 471 5203 modi
490 5145 676 5202 contulerunt.
711 5158 773 5196 ner.
791 5158 823 5196 11
840 5158 904 5196 nu.
921 5158 975 5197 rra
994 5158 1087 5197 scurra
1104 5142 1276 5210 nurenberc)
1295 5159 1321 5197 s.
1340 5158 1363 5196 11
1379 5157 1413 5195 rr
1431 5156 1548 5196 curnero
1565 5155 1654 5194 consa

490 5320 514 5371 V

396 5437 626 5509 2bythyniamV
676 5437 873 5506 {respectemus
890 5438 974 5490 idonei
992 5454 1025 5489 ex
1038 5438 1093 5503 qni-
1150 5437 1327 5506 Gothosredus

396 5513 498 5579 busque
515 5510 665 5578 corporibus
768 5506 785 5560 8
804 5505 918 5575 camut]
941 5524 971 5559 ea
988 5514 1094 5559 caream
