<?xml version="1.0" encoding="UTF-8"?>
<!DOCTYPE html PUBLIC "-//W3C//DTD XHTML 1.0 Transitional//EN"
    "http://www.w3.org/TR/xhtml1/DTD/xhtml1-transitional.dtd">
<html xmlns="http://www.w3.org/1999/xhtml" xml:lang="en" lang="en">
 <head>
  <title>
</title>
<meta http-equiv="Content-Type" content="text/html;charset=utf-8" />
  <meta name='ocr-system' content='tesseract 3.04.00' />
  <meta name='ocr-capabilities' content='ocr_page ocr_carea ocr_par ocr_line ocrx_word'/>
</head>
<body>
  <div class='ocr_page' id='page_1' title='image "./theodosianilibr01sirmgoog_0921.png"; bbox 0 0 4800 6400; ppageno 0'>
   <div class='ocr_carea' id='block_1_1' title="bbox 405 685 1852 754">
    <p class='ocr_par' dir='ltr' id='par_1_1' title="bbox 405 685 1852 754">
     <span class='ocr_line' id='line_1_1' title="bbox 405 685 1852 754; baseline 0.01 -15"><span class='ocrx_word' id='word_1_1' title='bbox 405 685 666 742; x_wconf 69' lang='lat' dir='ltr'><strong>ammonemus</strong></span> <span class='ocrx_word' id='word_1_2' title='bbox 1100 686 1163 751; x_wconf 82' lang='lat'><strong>919</strong></span> <span class='ocrx_word' id='word_1_3' title='bbox 1739 692 1788 754; x_wconf 76' lang='lat'><strong>14.</strong></span> <span class='ocrx_word' id='word_1_4' title='bbox 1814 694 1852 754; x_wconf 77' lang='lat'><strong>15</strong></span> 
     </span>
    </p>
   </div>
   <div class='ocr_carea' id='block_1_2' title="bbox 404 854 1905 3166">
    <p class='ocr_par' dir='ltr' id='par_1_2' title="bbox 406 854 1563 926">
     <span class='ocr_line' id='line_1_2' title="bbox 406 854 1563 926; baseline 0.004 -16"><span class='ocrx_word' id='word_1_5' title='bbox 406 854 503 926; x_wconf 83' lang='lat' dir='ltr'><strong>Sitque</strong></span> <span class='ocrx_word' id='word_1_6' title='bbox 521 854 630 913; x_wconf 89' lang='lat' dir='ltr'><strong>cunctis</strong></span> <span class='ocrx_word' id='word_1_7' title='bbox 647 872 703 910; x_wconf 89' lang='lat' dir='ltr'><strong>non</strong></span> <span class='ocrx_word' id='word_1_8' title='bbox 720 854 810 912; x_wconf 90' lang='lat' dir='ltr'><strong>solum</strong></span> <span class='ocrx_word' id='word_1_9' title='bbox 827 854 955 922; x_wconf 80' lang='lat' dir='ltr'><strong>liberum,</strong></span> <span class='ocrx_word' id='word_1_10' title='bbox 972 858 1022 913; x_wconf 91' lang='lat' dir='ltr'><strong>sed</strong></span> <span class='ocrx_word' id='word_1_11' title='bbox 1041 855 1158 914; x_wconf 66' lang='lat' dir='ltr'><strong>*enam*</strong></span> <span class='ocrx_word' id='word_1_12' title='bbox 1176 855 1330 922; x_wconf 87' lang='lat' dir='ltr'><strong>laudabile,</strong></span> <span class='ocrx_word' id='word_1_13' title='bbox 1348 858 1439 913; x_wconf 83' lang='lat' dir='ltr'><strong>lactas</strong></span> <span class='ocrx_word' id='word_1_14' title='bbox 1509 857 1563 915; x_wconf 65' lang='lat' dir='ltr'><strong>*et*</strong></span> 
     </span>
    </p>

    <p class='ocr_par' dir='ltr' id='par_1_3' title="bbox 405 940 1800 1103">
     <span class='ocr_line' id='line_1_3' title="bbox 407 940 1800 1015; baseline 0.001 -16"><span class='ocrx_word' id='word_1_15' title='bbox 407 940 613 999; x_wconf 67' lang='lat' dir='ltr'><strong>&#39;sacerdotibus</strong></span> <span class='ocrx_word' id='word_1_16' title='bbox 623 942 668 998; x_wconf 90' lang='lat' dir='ltr'><strong>vel</strong></span> <span class='ocrx_word' id='word_1_17' title='bbox 679 941 816 1000; x_wconf 85' lang='lat' dir='ltr'><strong>ministris</strong></span> <span class='ocrx_word' id='word_1_18' title='bbox 826 944 949 1000; x_wconf 70' lang='lat' dir='ltr'><strong>atroces⁴</strong></span> <span class='ocrx_word' id='word_1_19' title='bbox 961 943 1078 1000; x_wconf 87' lang='lat' dir='ltr'><strong>iniurias</strong></span> <span class='ocrx_word' id='word_1_20' title='bbox 1087 944 1165 1000; x_wconf 89' lang='lat' dir='ltr'><strong>velut</strong></span> <span class='ocrx_word' id='word_1_21' title='bbox 1176 943 1324 1015; x_wconf 89' lang='lat' dir='ltr'><strong>publicum</strong></span> <span class='ocrx_word' id='word_1_22' title='bbox 1333 943 1437 1001; x_wconf 80' lang='lat' dir='ltr'><strong>crimen</strong></span> <span class='ocrx_word' id='word_1_23' title='bbox 1510 945 1571 1001; x_wconf 68' lang='lat' dir='ltr'><strong>*aar</strong></span> <span class='ocrx_word' id='word_1_24' title='bbox 1590 964 1642 1001; x_wconf 82' lang='lat' dir='ltr'><strong>sao.</strong></span> <span class='ocrx_word' id='word_1_25' title='bbox 1661 956 1707 1001; x_wconf 78' lang='lat' dir='ltr'><strong>snt</strong></span> <span class='ocrx_word' id='word_1_26' title='bbox 1723 948 1800 1001; x_wconf 69' lang='lat' dir='ltr'><strong>min*</strong></span> 
     </span>
     <span class='ocr_line' id='line_1_4' title="bbox 405 1029 1583 1103; baseline 0 -17"><span class='ocrx_word' id='word_1_27' title='bbox 405 1029 534 1100; x_wconf 81' lang='lat' dir='ltr'><strong>persequi</strong></span> <span class='ocrx_word' id='word_1_28' title='bbox 557 1047 591 1086; x_wconf 90' lang='lat' dir='ltr'><strong>ac</strong></span> <span class='ocrx_word' id='word_1_29' title='bbox 608 1030 643 1085; x_wconf 93' lang='lat' dir='ltr'><strong>de</strong></span> <span class='ocrx_word' id='word_1_30' title='bbox 661 1030 768 1086; x_wconf 88' lang='lat' dir='ltr'><strong>talibus</strong></span> <span class='ocrx_word' id='word_1_31' title='bbox 792 1029 846 1086; x_wconf 91' lang='lat' dir='ltr'><strong>reis</strong></span> <span class='ocrx_word' id='word_1_32' title='bbox 868 1030 1004 1088; x_wconf 90' lang='lat' dir='ltr'><strong>ultionem</strong></span> <span class='ocrx_word' id='word_1_33' title='bbox 1029 1032 1144 1098; x_wconf 89' lang='lat' dir='ltr'><strong>mereri,</strong></span> <span class='ocrx_word' id='word_1_34' title='bbox 1165 1035 1229 1100; x_wconf 66' lang='lat' dir='ltr'><strong>unt</strong></span> <span class='ocrx_word' id='word_1_35' title='bbox 1250 1032 1305 1087; x_wconf 90' lang='lat' dir='ltr'><strong>hac</strong></span> <span class='ocrx_word' id='word_1_36' title='bbox 1332 1031 1434 1089; x_wconf 85' lang='lat' dir='ltr'><strong>saltem</strong></span> <span class='ocrx_word' id='word_1_37' title='bbox 1503 1035 1515 1100; x_wconf 85' lang='grc'><strong>11</strong></span> <span class='ocrx_word' id='word_1_38' title='bbox 1520 1035 1583 1103; x_wconf 76' lang='lat' dir='ltr'><strong>finit</strong></span> 
     </span>
    </p>

    <p class='ocr_par' dir='ltr' id='par_1_4' title="bbox 404 1117 1438 1190">
     <span class='ocr_line' id='line_1_5' title="bbox 404 1117 1438 1190; baseline 0.001 -16"><span class='ocrx_word' id='word_1_39' title='bbox 404 1117 522 1186; x_wconf 88' lang='lat' dir='ltr'><strong>ratione,</strong></span> <span class='ocrx_word' id='word_1_40' title='bbox 540 1118 614 1188; x_wconf 91' lang='lat' dir='ltr'><strong>qnod</strong></span> <span class='ocrx_word' id='word_1_41' title='bbox 627 1117 676 1189; x_wconf 79' lang='lat' dir='ltr'><strong>agi</strong></span> <span class='ocrx_word' id='word_1_42' title='bbox 693 1117 839 1174; x_wconf 75' lang='lat' dir='ltr'><strong>advenum</strong></span> <span class='ocrx_word' id='word_1_43' title='bbox 856 1135 887 1175; x_wconf 89' lang='lat' dir='ltr'><strong>se</strong></span> <span class='ocrx_word' id='word_1_44' title='bbox 905 1117 1126 1190; x_wconf 88' lang='lat' dir='ltr'><strong>perepiscopum</strong></span> <span class='ocrx_word' id='word_1_45' title='bbox 1143 1136 1198 1174; x_wconf 92' lang='lat' dir='ltr'><strong>non</strong></span> <span class='ocrx_word' id='word_1_46' title='bbox 1217 1136 1297 1190; x_wconf 88' lang='lat' dir='ltr'><strong>posse</strong></span> <span class='ocrx_word' id='word_1_47' title='bbox 1315 1118 1438 1183; x_wconf 90' lang='lat' dir='ltr'><strong>confidit,</strong></span> 
     </span>
    </p>

    <p class='ocr_par' dir='ltr' id='par_1_5' title="bbox 405 1202 1903 1362">
     <span class='ocr_line' id='line_1_6' title="bbox 405 1202 1903 1278; baseline 0.001 -19"><span class='ocrx_word' id='word_1_48' title='bbox 405 1209 437 1260; x_wconf 88' lang='lat' dir='ltr'><strong>at</strong></span> <span class='ocrx_word' id='word_1_49' title='bbox 454 1204 572 1260; x_wconf 82' lang='lat' dir='ltr'><strong>aliomm</strong></span> <span class='ocrx_word' id='word_1_50' title='bbox 589 1202 816 1259; x_wconf 76' lang='lat' dir='ltr'><strong>accusationibus</strong></span> <span class='ocrx_word' id='word_1_51' title='bbox 842 1204 978 1260; x_wconf 85' lang='lat' dir='ltr'><strong>mulorum</strong></span> <span class='ocrx_word' id='word_1_52' title='bbox 999 1205 1120 1261; x_wconf 85' lang='lat' dir='ltr'><strong>audacia</strong></span> <span class='ocrx_word' id='word_1_53' title='bbox 1144 1205 1332 1276; x_wconf 87' lang='lat' dir='ltr'><strong>pertimescat</strong></span> <span class='ocrx_word' id='word_1_54' title='bbox 1345 1207 1356 1273; x_wconf 93' lang='grc' dir='ltr'><strong>ΙΙ</strong></span> <span class='ocrx_word' id='word_1_55' title='bbox 1370 1205 1435 1260; x_wconf 65' lang='lat' dir='ltr'><strong>*Et*</strong></span> <span class='ocrx_word' id='word_1_56' title='bbox 1503 1209 1594 1276; x_wconf 72' lang='lat' dir='ltr'><strong>llredit</strong></span> <span class='ocrx_word' id='word_1_57' title='bbox 1620 1206 1625 1277; x_wconf 95' lang='grc' dir='ltr'>Ι</span> <span class='ocrx_word' id='word_1_58' title='bbox 1651 1208 1748 1278; x_wconf 56' lang='lat' dir='ltr'><strong>*quod</strong></span> <span class='ocrx_word' id='word_1_59' title='bbox 1891 1223 1903 1261; x_wconf 79' lang='lat' dir='ltr'><strong>a</strong></span> 
     </span>
     <span class='ocr_line' id='line_1_7' title="bbox 405 1289 1441 1362; baseline 0.001 -16"><span class='ocrx_word' id='word_1_60' title='bbox 405 1291 429 1346; x_wconf 92' lang='lat' dir='ltr'><strong>si</strong></span> <span class='ocrx_word' id='word_1_61' title='bbox 446 1290 598 1347; x_wconf 91' lang='lat' dir='ltr'><strong>multitudo</strong></span> <span class='ocrx_word' id='word_1_62' title='bbox 623 1289 747 1347; x_wconf 86' lang='lat' dir='ltr'><strong>violenta</strong></span> <span class='ocrx_word' id='word_1_63' title='bbox 765 1289 858 1346; x_wconf 86' lang='lat' dir='ltr'><strong>civilis</strong></span> <span class='ocrx_word' id='word_1_64' title='bbox 873 1290 1060 1362; x_wconf 69' lang='lat' dir='ltr'><strong>apparitionis</strong></span> <span class='ocrx_word' id='word_1_65' title='bbox 1081 1292 1259 1350; x_wconf 82' lang='lat' dir='ltr'><strong>exsecutione</strong></span> <span class='ocrx_word' id='word_1_66' title='bbox 1276 1296 1307 1349; x_wconf 88' lang='lat' dir='ltr'><strong>ot</strong></span> <span class='ocrx_word' id='word_1_67' title='bbox 1323 1292 1441 1348; x_wconf 87' lang='lat' dir='ltr'><strong>admini-</strong></span> 
     </span>
    </p>

    <p class='ocr_par' dir='ltr' id='par_1_6' title="bbox 406 1377 1439 1450">
     <span class='ocr_line' id='line_1_8' title="bbox 406 1377 1439 1450; baseline 0.005 -17"><span class='ocrx_word' id='word_1_68' title='bbox 406 1378 469 1434; x_wconf 88' lang='lat' dir='ltr'><strong>onlo</strong></span> <span class='ocrx_word' id='word_1_69' title='bbox 492 1377 619 1434; x_wconf 85' lang='lat' dir='ltr'><strong>ordinum</strong></span> <span class='ocrx_word' id='word_1_70' title='bbox 636 1394 858 1446; x_wconf 82' lang='lat' dir='ltr'><strong>possessorumve</strong></span> <span class='ocrx_word' id='word_1_71' title='bbox 879 1395 935 1434; x_wconf 92' lang='lat' dir='ltr'><strong>non</strong></span> <span class='ocrx_word' id='word_1_72' title='bbox 958 1377 1085 1449; x_wconf 92' lang='lat' dir='ltr'><strong>potuerit</strong></span> <span class='ocrx_word' id='word_1_73' title='bbox 1105 1379 1292 1450; x_wconf 87' lang='lat' dir='ltr'><strong>praesentari,</strong></span> <span class='ocrx_word' id='word_1_74' title='bbox 1315 1381 1389 1450; x_wconf 85' lang='lat' dir='ltr'><strong>qnod</strong></span> <span class='ocrx_word' id='word_1_75' title='bbox 1407 1399 1439 1438; x_wconf 87' lang='lat' dir='ltr'><strong>ae</strong></span> 
     </span>
    </p>

    <p class='ocr_par' dir='ltr' id='par_1_7' title="bbox 404 1462 1641 1529">
     <span class='ocr_line' id='line_1_9' title="bbox 404 1462 1641 1529; baseline 0 -9"><span class='ocrx_word' id='word_1_76' title='bbox 404 1464 490 1520; x_wconf 69' lang='lat' dir='ltr'><strong>umis</strong></span> <span class='ocrx_word' id='word_1_77' title='bbox 512 1466 563 1520; x_wconf 87' lang='lat' dir='ltr'><strong>sut</strong></span> <span class='ocrx_word' id='word_1_78' title='bbox 586 1464 709 1520; x_wconf 88' lang='lat' dir='ltr'><strong>locorum</strong></span> <span class='ocrx_word' id='word_1_79' title='bbox 732 1462 901 1521; x_wconf 86' lang='lat' dir='ltr'><strong>difficultate</strong></span> <span class='ocrx_word' id='word_1_80' title='bbox 926 1463 1099 1529; x_wconf 71' lang='lat' dir='ltr'><strong>*tnoantnr⁴,</strong></span> <span class='ocrx_word' id='word_1_81' title='bbox 1119 1463 1227 1522; x_wconf 85' lang='lat' dir='ltr'><strong>iudices</strong></span> <span class='ocrx_word' id='word_1_82' title='bbox 1248 1465 1375 1520; x_wconf 78' lang='lat' dir='ltr'><strong>Afficaui</strong></span> <span class='ocrx_word' id='word_1_83' title='bbox 1397 1484 1439 1522; x_wconf 89' lang='lat' dir='ltr'><strong>ar-</strong></span> <span class='ocrx_word' id='word_1_84' title='bbox 1510 1465 1641 1520; x_wconf 57' lang='grc' dir='ltr'><strong>Ἷιιοοοοι4</strong></span> 
     </span>
    </p>

    <p class='ocr_par' dir='ltr' id='par_1_8' title="bbox 405 1548 1438 1622">
     <span class='ocr_line' id='line_1_10' title="bbox 405 1548 1438 1622; baseline 0.001 -16"><span class='ocrx_word' id='word_1_85' title='bbox 405 1555 499 1608; x_wconf 85' lang='lat' dir='ltr'><strong>metae</strong></span> <span class='ocrx_word' id='word_1_86' title='bbox 516 1549 704 1622; x_wconf 74' lang='lat' dir='ltr'><strong>apparitionis</strong></span> <span class='ocrx_word' id='word_1_87' title='bbox 722 1548 901 1621; x_wconf 87' lang='lat' dir='ltr'><strong>praesidinm,</strong></span> <span class='ocrx_word' id='word_1_88' title='bbox 916 1550 992 1607; x_wconf 86' lang='lat' dir='ltr'><strong>datis</strong></span> <span class='ocrx_word' id='word_1_89' title='bbox 1003 1551 1041 1607; x_wconf 91' lang='lat' dir='ltr'><strong>ad</strong></span> <span class='ocrx_word' id='word_1_90' title='bbox 1053 1551 1143 1607; x_wconf 89' lang='lat' dir='ltr'><strong>virum</strong></span> <span class='ocrx_word' id='word_1_91' title='bbox 1154 1551 1341 1622; x_wconf 86' lang='lat' dir='ltr'><strong>spectabilem</strong></span> <span class='ocrx_word' id='word_1_92' title='bbox 1355 1553 1438 1609; x_wconf 91' lang='lat' dir='ltr'><strong>comi-</strong></span> 
     </span>
    </p>

    <p class='ocr_par' dir='ltr' id='par_1_9' title="bbox 404 1634 1904 1882">
     <span class='ocr_line' id='line_1_11' title="bbox 405 1634 1904 1708; baseline -0.001 -14"><span class='ocrx_word' id='word_1_93' title='bbox 405 1641 462 1694; x_wconf 90' lang='lat' dir='ltr'><strong>tem</strong></span> <span class='ocrx_word' id='word_1_94' title='bbox 481 1636 593 1693; x_wconf 82' lang='lat' dir='ltr'><strong>Africae</strong></span> <span class='ocrx_word' id='word_1_95' title='bbox 610 1634 715 1693; x_wconf 87' lang='lat' dir='ltr'><strong>litteris</strong></span> <span class='ocrx_word' id='word_1_96' title='bbox 733 1636 862 1707; x_wconf 85' lang='lat' dir='ltr'><strong>praelato</strong></span> <span class='ocrx_word' id='word_1_97' title='bbox 885 1635 958 1708; x_wconf 73' lang='lat' dir='ltr'><strong>legis</strong></span> <span class='ocrx_word' id='word_1_98' title='bbox 980 1636 1063 1692; x_wconf 90' lang='lat' dir='ltr'><strong>istius</strong></span> <span class='ocrx_word' id='word_1_99' title='bbox 1082 1641 1179 1694; x_wconf 91' lang='lat' dir='ltr'><strong>tenore</strong></span> <span class='ocrx_word' id='word_1_100' title='bbox 1198 1639 1389 1708; x_wconf 66' lang='lat' dir='ltr'><strong>*deposcent⁴,</strong></span> <span class='ocrx_word' id='word_1_101' title='bbox 1407 1644 1440 1696; x_wconf 88' lang='lat' dir='ltr'><strong>ut</strong></span> <span class='ocrx_word' id='word_1_102' title='bbox 1511 1636 1678 1708; x_wconf 64' lang='lat' dir='ltr'><strong>*deposcam*</strong></span> <span class='ocrx_word' id='word_1_103' title='bbox 1879 1655 1904 1695; x_wconf 90' lang='grc' dir='ltr'><strong>ιο</strong></span> 
     </span>
     <span class='ocr_line' id='line_1_12' title="bbox 405 1721 1853 1795; baseline -0.001 -16"><span class='ocrx_word' id='word_1_104' title='bbox 405 1723 446 1779; x_wconf 90' lang='lat' dir='ltr'><strong>rei</strong></span> <span class='ocrx_word' id='word_1_105' title='bbox 458 1722 559 1780; x_wconf 88' lang='lat' dir='ltr'><strong>talium</strong></span> <span class='ocrx_word' id='word_1_106' title='bbox 571 1721 719 1778; x_wconf 90' lang='lat' dir='ltr'><strong>criminum</strong></span> <span class='ocrx_word' id='word_1_107' title='bbox 735 1739 791 1778; x_wconf 89' lang='lat' dir='ltr'><strong>non</strong></span> <span class='ocrx_word' id='word_1_108' title='bbox 808 1723 932 1780; x_wconf 80' lang='lat' dir='ltr'><strong>evadant</strong></span> <span class='ocrx_word' id='word_1_109' title='bbox 942 1723 960 1794; x_wconf 76' lang='lat' dir='ltr'><strong>lt</strong></span> <span class='ocrx_word' id='word_1_110' title='bbox 996 1722 1033 1779; x_wconf 76' lang='lat' dir='ltr'><strong>Et</strong></span> <span class='ocrx_word' id='word_1_111' title='bbox 1044 1727 1056 1792; x_wconf 85' lang='grc' dir='ltr'><strong>ΙΙ</strong></span> <span class='ocrx_word' id='word_1_112' title='bbox 1066 1742 1103 1780; x_wconf 92' lang='lat' dir='ltr'><strong>ne</strong></span> <span class='ocrx_word' id='word_1_113' title='bbox 1118 1723 1286 1782; x_wconf 71' lang='lat' dir='ltr'><strong>Donatistae</strong></span> <span class='ocrx_word' id='word_1_114' title='bbox 1303 1726 1348 1780; x_wconf 93' lang='lat' dir='ltr'><strong>vel</strong></span> <span class='ocrx_word' id='word_1_115' title='bbox 1369 1729 1440 1782; x_wconf 77' lang='lat' dir='ltr'><strong>oete</strong></span> <span class='ocrx_word' id='word_1_116' title='bbox 1508 1726 1521 1791; x_wconf 91' lang='grc' dir='ltr'><strong>ΙΙ</strong></span> <span class='ocrx_word' id='word_1_117' title='bbox 1526 1727 1588 1795; x_wconf 78' lang='lat' dir='ltr'><strong>finit</strong></span> <span class='ocrx_word' id='word_1_118' title='bbox 1614 1725 1619 1792; x_wconf 94' lang='grc'>1</span> <span class='ocrx_word' id='word_1_119' title='bbox 1646 1725 1658 1792; x_wconf 81' lang='grc' dir='ltr'><strong>ΙΙ</strong></span> <span class='ocrx_word' id='word_1_120' title='bbox 1669 1740 1714 1778; x_wconf 85' lang='lat' dir='ltr'><strong>ra.</strong></span> <span class='ocrx_word' id='word_1_121' title='bbox 1730 1724 1770 1791; x_wconf 80' lang='lat'><strong>16,</strong></span> <span class='ocrx_word' id='word_1_122' title='bbox 1784 1723 1853 1792; x_wconf 63' lang='lat' dir='ltr'><strong>aaa</strong></span> 
     </span>
     <span class='ocr_line' id='line_1_13' title="bbox 404 1808 1610 1882; baseline -0.002 -15"><span class='ocrx_word' id='word_1_123' title='bbox 404 1829 496 1867; x_wconf 89' lang='lat' dir='ltr'><strong>rorum</strong></span> <span class='ocrx_word' id='word_1_124' title='bbox 515 1810 626 1867; x_wconf 83' lang='lat' dir='ltr'><strong>vanitas</strong></span> <span class='ocrx_word' id='word_1_125' title='bbox 643 1808 848 1866; x_wconf 88' lang='lat' dir='ltr'><strong>haereticorum</strong></span> <span class='ocrx_word' id='word_1_126' title='bbox 864 1809 1039 1880; x_wconf 86' lang='lat' dir='ltr'><strong>aliorumque</strong></span> <span class='ocrx_word' id='word_1_127' title='bbox 1064 1812 1198 1877; x_wconf 69' lang='lat' dir='ltr'><strong>*eornm⁴,</strong></span> <span class='ocrx_word' id='word_1_128' title='bbox 1222 1811 1325 1882; x_wconf 91' lang='lat' dir='ltr'><strong>quibus</strong></span> <span class='ocrx_word' id='word_1_129' title='bbox 1342 1813 1439 1869; x_wconf 88' lang='lat' dir='ltr'><strong>oatbo·</strong></span> <span class='ocrx_word' id='word_1_130' title='bbox 1513 1811 1610 1867; x_wconf 65' lang='lat' dir='ltr'><strong>*error*</strong></span> 
     </span>
    </p>

    <p class='ocr_par' dir='ltr' id='par_1_10' title="bbox 405 1895 1439 1970">
     <span class='ocr_line' id='line_1_14' title="bbox 405 1895 1439 1970; baseline 0.002 -18"><span class='ocrx_word' id='word_1_131' title='bbox 405 1897 478 1954; x_wconf 90' lang='lat' dir='ltr'><strong>lioae</strong></span> <span class='ocrx_word' id='word_1_132' title='bbox 500 1895 701 1954; x_wconf 88' lang='lat' dir='ltr'><strong>communionis</strong></span> <span class='ocrx_word' id='word_1_133' title='bbox 724 1896 818 1952; x_wconf 89' lang='lat' dir='ltr'><strong>cultus</strong></span> <span class='ocrx_word' id='word_1_134' title='bbox 839 1914 894 1953; x_wconf 91' lang='lat' dir='ltr'><strong>non</strong></span> <span class='ocrx_word' id='word_1_135' title='bbox 917 1900 1012 1968; x_wconf 88' lang='lat' dir='ltr'><strong>potest</strong></span> <span class='ocrx_word' id='word_1_136' title='bbox 1032 1898 1206 1968; x_wconf 86' lang='lat' dir='ltr'><strong>persuaderi,</strong></span> <span class='ocrx_word' id='word_1_137' title='bbox 1232 1899 1330 1956; x_wconf 89' lang='lat' dir='ltr'><strong>Iudaei</strong></span> <span class='ocrx_word' id='word_1_138' title='bbox 1348 1901 1439 1970; x_wconf 89' lang='lat' dir='ltr'><strong>adque</strong></span> 
     </span>
    </p>

    <p class='ocr_par' dir='ltr' id='par_1_11' title="bbox 405 1982 1440 2057">
     <span class='ocr_line' id='line_1_15' title="bbox 405 1982 1440 2057; baseline 0.003 -17"><span class='ocrx_word' id='word_1_139' title='bbox 405 1983 533 2056; x_wconf 79' lang='lat' dir='ltr'><strong>gentiles,</strong></span> <span class='ocrx_word' id='word_1_140' title='bbox 551 2002 621 2054; x_wconf 87' lang='lat' dir='ltr'><strong>quos</strong></span> <span class='ocrx_word' id='word_1_141' title='bbox 638 1984 723 2053; x_wconf 79' lang='lat' dir='ltr'><strong>vulgo</strong></span> <span class='ocrx_word' id='word_1_142' title='bbox 741 2000 868 2055; x_wconf 77' lang='lat' dir='ltr'><strong>paganos</strong></span> <span class='ocrx_word' id='word_1_143' title='bbox 884 1983 1047 2054; x_wconf 88' lang='lat' dir='ltr'><strong>appellant,</strong></span> <span class='ocrx_word' id='word_1_144' title='bbox 1064 1982 1243 2041; x_wconf 83' lang='lat' dir='ltr'><strong>arbitrentur</strong></span> <span class='ocrx_word' id='word_1_145' title='bbox 1260 1985 1353 2057; x_wconf 78' lang='lat' dir='ltr'><strong>legum</strong></span> <span class='ocrx_word' id='word_1_146' title='bbox 1373 1990 1440 2043; x_wconf 88' lang='lat' dir='ltr'><strong>ante</strong></span> 
     </span>
    </p>

    <p class='ocr_par' dir='ltr' id='par_1_12' title="bbox 405 2067 1440 2141">
     <span class='ocr_line' id='line_1_16' title="bbox 405 2067 1440 2141; baseline 0.001 -15"><span class='ocrx_word' id='word_1_147' title='bbox 405 2071 552 2127; x_wconf 89' lang='lat' dir='ltr'><strong>adversum</strong></span> <span class='ocrx_word' id='word_1_148' title='bbox 570 2087 600 2124; x_wconf 88' lang='lat' dir='ltr'><strong>se</strong></span> <span class='ocrx_word' id='word_1_149' title='bbox 617 2070 748 2125; x_wconf 86' lang='lat' dir='ltr'><strong>datarum</strong></span> <span class='ocrx_word' id='word_1_150' title='bbox 765 2067 921 2127; x_wconf 86' lang='lat' dir='ltr'><strong>constituta</strong></span> <span class='ocrx_word' id='word_1_151' title='bbox 938 2068 1075 2141; x_wconf 85' lang='lat' dir='ltr'><strong>tepuisse,</strong></span> <span class='ocrx_word' id='word_1_152' title='bbox 1100 2069 1230 2127; x_wconf 83' lang='lat' dir='ltr'><strong>noverint</strong></span> <span class='ocrx_word' id='word_1_153' title='bbox 1253 2070 1360 2128; x_wconf 89' lang='lat' dir='ltr'><strong>iudices</strong></span> <span class='ocrx_word' id='word_1_154' title='bbox 1382 2071 1440 2127; x_wconf 88' lang='lat' dir='ltr'><strong>nni·</strong></span> 
     </span>
    </p>

    <p class='ocr_par' dir='ltr' id='par_1_13' title="bbox 406 2154 1440 2230">
     <span class='ocr_line' id='line_1_17' title="bbox 406 2154 1440 2230; baseline 0.002 -18"><span class='ocrx_word' id='word_1_155' title='bbox 406 2158 478 2214; x_wconf 87' lang='lat' dir='ltr'><strong>versi</strong></span> <span class='ocrx_word' id='word_1_156' title='bbox 500 2156 659 2230; x_wconf 77' lang='lat' dir='ltr'><strong>praeceptis</strong></span> <span class='ocrx_word' id='word_1_157' title='bbox 676 2174 772 2212; x_wconf 88' lang='lat' dir='ltr'><strong>aarum</strong></span> <span class='ocrx_word' id='word_1_158' title='bbox 788 2154 866 2214; x_wconf 87' lang='lat' dir='ltr'><strong>fideli</strong></span> <span class='ocrx_word' id='word_1_159' title='bbox 883 2155 1031 2213; x_wconf 89' lang='lat' dir='ltr'><strong>devotione</strong></span> <span class='ocrx_word' id='word_1_160' title='bbox 1050 2156 1204 2227; x_wconf 86' lang='lat' dir='ltr'><strong>parendum</strong></span> <span class='ocrx_word' id='word_1_161' title='bbox 1221 2161 1252 2214; x_wconf 90' lang='lat' dir='ltr'><strong>et</strong></span> <span class='ocrx_word' id='word_1_162' title='bbox 1270 2156 1344 2215; x_wconf 90' lang='lat' dir='ltr'><strong>inter</strong></span> <span class='ocrx_word' id='word_1_163' title='bbox 1362 2177 1440 2229; x_wconf 88' lang='lat' dir='ltr'><strong>prae·</strong></span> 
     </span>
    </p>

    <p class='ocr_par' dir='ltr' id='par_1_14' title="bbox 406 2239 1741 2317">
     <span class='ocr_line' id='line_1_18' title="bbox 406 2239 1741 2317; baseline -0.006 -16"><span class='ocrx_word' id='word_1_164' title='bbox 406 2245 490 2317; x_wconf 89' lang='lat' dir='ltr'><strong>cipue</strong></span> <span class='ocrx_word' id='word_1_165' title='bbox 508 2262 644 2310; x_wconf 88' lang='lat' dir='ltr'><strong>curarum,</strong></span> <span class='ocrx_word' id='word_1_166' title='bbox 656 2242 794 2313; x_wconf 86' lang='lat' dir='ltr'><strong>quidquid</strong></span> <span class='ocrx_word' id='word_1_167' title='bbox 805 2243 938 2299; x_wconf 88' lang='lat' dir='ltr'><strong>adversus</strong></span> <span class='ocrx_word' id='word_1_168' title='bbox 954 2260 1001 2299; x_wconf 87' lang='lat' dir='ltr'><strong>eos</strong></span> <span class='ocrx_word' id='word_1_169' title='bbox 1013 2242 1194 2309; x_wconf 87' lang='lat' dir='ltr'><strong>decrevimus,</strong></span> <span class='ocrx_word' id='word_1_170' title='bbox 1212 2243 1439 2314; x_wconf 73' lang='lat' dir='ltr'><strong>[exequendum.</strong></span> <span class='ocrx_word' id='word_1_171' title='bbox 1510 2239 1525 2310; x_wconf 78' lang='grc' dir='ltr'>Γ</span> <span class='ocrx_word' id='word_1_172' title='bbox 1537 2260 1588 2295; x_wconf 91' lang='lat' dir='ltr'><strong>uon</strong></span> <span class='ocrx_word' id='word_1_173' title='bbox 1606 2243 1741 2309; x_wconf 79' lang='lat' dir='ltr'><strong>ambigant</strong></span> 
     </span>
    </p>

    <p class='ocr_par' dir='ltr' id='par_1_15' title="bbox 405 2325 1854 2488">
     <span class='ocr_line' id='line_1_19' title="bbox 405 2325 1854 2403; baseline -0.004 -16"><span class='ocrx_word' id='word_1_174' title='bbox 405 2332 460 2403; x_wconf 71' lang='lat' dir='ltr'><strong>[ei</strong></span> <span class='ocrx_word' id='word_1_175' title='bbox 478 2331 625 2401; x_wconf 86' lang='lat' dir='ltr'><strong>quisquam</strong></span> <span class='ocrx_word' id='word_1_176' title='bbox 647 2329 771 2387; x_wconf 87' lang='lat' dir='ltr'><strong>iudicum</strong></span> <span class='ocrx_word' id='word_1_177' title='bbox 788 2332 907 2402; x_wconf 90' lang='lat' dir='ltr'><strong>peccato</strong></span> <span class='ocrx_word' id='word_1_178' title='bbox 926 2327 1109 2396; x_wconf 87' lang='lat' dir='ltr'><strong>coniventiae,</strong></span> <span class='ocrx_word' id='word_1_179' title='bbox 1124 2328 1337 2386; x_wconf 70' lang='lat' dir='ltr'><strong>*dissimulandi</strong></span> <span class='ocrx_word' id='word_1_180' title='bbox 1355 2333 1440 2397; x_wconf 74' lang='lat' dir='ltr'><strong>arte⁴,</strong></span> <span class='ocrx_word' id='word_1_181' title='bbox 1509 2328 1600 2398; x_wconf 71' lang='lat' dir='ltr'><strong>[quod</strong></span> <span class='ocrx_word' id='word_1_182' title='bbox 1612 2327 1616 2397; x_wconf 74' lang='lat' dir='ltr'><strong>l</strong></span> <span class='ocrx_word' id='word_1_183' title='bbox 1630 2328 1704 2381; x_wconf 72' lang='lat' dir='ltr'><strong>*diss</strong></span> <span class='ocrx_word' id='word_1_184' title='bbox 1721 2325 1791 2379; x_wconf 69' lang='lat' dir='ltr'><strong>arte⁴</strong></span> <span class='ocrx_word' id='word_1_185' title='bbox 1804 2343 1854 2377; x_wconf 80' lang='lat' dir='ltr'><strong>om.</strong></span> 
     </span>
     <span class='ocr_line' id='line_1_20' title="bbox 406 2414 1440 2488; baseline -0.003 -11"><span class='ocrx_word' id='word_1_186' title='bbox 406 2416 598 2477; x_wconf 78' lang='lat' dir='ltr'><strong>executionem</strong></span> <span class='ocrx_word' id='word_1_187' title='bbox 623 2415 780 2486; x_wconf 86' lang='lat' dir='ltr'><strong>praesentis</strong></span> <span class='ocrx_word' id='word_1_188' title='bbox 803 2415 875 2488; x_wconf 77' lang='lat' dir='ltr'><strong>legis</strong></span> <span class='ocrx_word' id='word_1_189' title='bbox 896 2414 1030 2481; x_wconf 91' lang='lat' dir='ltr'><strong>omiserit,</strong></span> <span class='ocrx_word' id='word_1_190' title='bbox 1048 2415 1159 2472; x_wconf 89' lang='lat' dir='ltr'><strong>noverit</strong></span> <span class='ocrx_word' id='word_1_191' title='bbox 1177 2416 1280 2473; x_wconf 89' lang='lat' dir='ltr'><strong>amissa</strong></span> <span class='ocrx_word' id='word_1_192' title='bbox 1298 2415 1440 2488; x_wconf 79' lang='lat' dir='ltr'><strong>dignitate</strong></span> 
     </span>
    </p>

    <p class='ocr_par' dir='ltr' id='par_1_16' title="bbox 406 2502 1905 2663">
     <span class='ocr_line' id='line_1_21' title="bbox 406 2502 1905 2578; baseline -0.002 -19"><span class='ocrx_word' id='word_1_193' title='bbox 406 2504 562 2578; x_wconf 78' lang='lat' dir='ltr'><strong>graviorem</strong></span> <span class='ocrx_word' id='word_1_194' title='bbox 589 2507 696 2560; x_wconf 89' lang='lat' dir='ltr'><strong>motum</strong></span> <span class='ocrx_word' id='word_1_195' title='bbox 723 2521 753 2559; x_wconf 91' lang='lat' dir='ltr'><strong>se</strong></span> <span class='ocrx_word' id='word_1_196' title='bbox 782 2506 893 2559; x_wconf 88' lang='lat' dir='ltr'><strong>nostrae</strong></span> <span class='ocrx_word' id='word_1_197' title='bbox 920 2502 1087 2559; x_wconf 88' lang='lat' dir='ltr'><strong>clementiae</strong></span> <span class='ocrx_word' id='word_1_198' title='bbox 1116 2503 1286 2569; x_wconf 89' lang='lat' dir='ltr'><strong>subiturum,</strong></span> <span class='ocrx_word' id='word_1_199' title='bbox 1317 2503 1440 2559; x_wconf 81' lang='lat' dir='ltr'><strong>officinm</strong></span> <span class='ocrx_word' id='word_1_200' title='bbox 1879 2516 1905 2556; x_wconf 84' lang='lat' dir='ltr'><strong>ao</strong></span> 
     </span>
     <span class='ocr_line' id='line_1_22' title="bbox 406 2588 1440 2663; baseline -0.001 -15"><span class='ocrx_word' id='word_1_201' title='bbox 406 2610 517 2663; x_wconf 88' lang='lat' dir='ltr'><strong>qnoque</strong></span> <span class='ocrx_word' id='word_1_202' title='bbox 540 2609 633 2657; x_wconf 91' lang='lat' dir='ltr'><strong>suum,</strong></span> <span class='ocrx_word' id='word_1_203' title='bbox 654 2590 730 2661; x_wconf 87' lang='lat' dir='ltr'><strong>quod</strong></span> <span class='ocrx_word' id='word_1_204' title='bbox 752 2589 839 2646; x_wconf 84' lang='lat' dir='ltr'><strong>saluti</strong></span> <span class='ocrx_word' id='word_1_205' title='bbox 862 2588 993 2662; x_wconf 88' lang='lat' dir='ltr'><strong>propriae</strong></span> <span class='ocrx_word' id='word_1_206' title='bbox 1016 2593 1180 2661; x_wconf 90' lang='lat' dir='ltr'><strong>contempta</strong></span> <span class='ocrx_word' id='word_1_207' title='bbox 1202 2589 1376 2662; x_wconf 75' lang='lat' dir='ltr'><strong>suggestioni</strong></span> <span class='ocrx_word' id='word_1_208' title='bbox 1394 2591 1440 2647; x_wconf 91' lang='lat' dir='ltr'><strong>de-</strong></span> 
     </span>
    </p>

    <p class='ocr_par' dir='ltr' id='par_1_17' title="bbox 406 2674 1440 2748">
     <span class='ocr_line' id='line_1_23' title="bbox 406 2674 1440 2748; baseline -0.003 -14"><span class='ocrx_word' id='word_1_209' title='bbox 406 2677 499 2744; x_wconf 83' lang='lat' dir='ltr'><strong>luerit,</strong></span> <span class='ocrx_word' id='word_1_210' title='bbox 517 2676 626 2748; x_wconf 83' lang='lat' dir='ltr'><strong>punitis</strong></span> <span class='ocrx_word' id='word_1_211' title='bbox 642 2674 734 2733; x_wconf 87' lang='lat' dir='ltr'><strong>tribus</strong></span> <span class='ocrx_word' id='word_1_212' title='bbox 752 2675 920 2747; x_wconf 87' lang='lat' dir='ltr'><strong>primatibus</strong></span> <span class='ocrx_word' id='word_1_213' title='bbox 937 2676 1163 2734; x_wconf 84' lang='lat' dir='ltr'><strong>condemnationi</strong></span> <span class='ocrx_word' id='word_1_214' title='bbox 1183 2676 1287 2748; x_wconf 80' lang='lat' dir='ltr'><strong>viginti</strong></span> <span class='ocrx_word' id='word_1_215' title='bbox 1303 2676 1440 2732; x_wconf 86' lang='lat' dir='ltr'><strong>librarum</strong></span> 
     </span>
    </p>

    <p class='ocr_par' dir='ltr' id='par_1_18' title="bbox 408 2761 1701 2835">
     <span class='ocr_line' id='line_1_24' title="bbox 408 2761 1701 2835; baseline -0.004 -13"><span class='ocrx_word' id='word_1_216' title='bbox 408 2763 469 2822; x_wconf 88' lang='lat' dir='ltr'><strong>suri</strong></span> <span class='ocrx_word' id='word_1_217' title='bbox 489 2764 703 2821; x_wconf 54' lang='lat' dir='ltr'><strong>*subdendumt</strong></span> <span class='ocrx_word' id='word_1_218' title='bbox 738 2762 851 2820; x_wconf 90' lang='lat' dir='ltr'><strong>Ordinis</strong></span> <span class='ocrx_word' id='word_1_219' title='bbox 867 2780 978 2833; x_wconf 89' lang='lat' dir='ltr'><strong>quoqne</strong></span> <span class='ocrx_word' id='word_1_220' title='bbox 996 2763 1062 2829; x_wconf 91' lang='lat' dir='ltr'><strong>viri,</strong></span> <span class='ocrx_word' id='word_1_221' title='bbox 1083 2762 1108 2818; x_wconf 90' lang='lat' dir='ltr'><strong>si</strong></span> <span class='ocrx_word' id='word_1_222' title='bbox 1131 2763 1161 2818; x_wconf 94' lang='lat' dir='ltr'><strong>in</strong></span> <span class='ocrx_word' id='word_1_223' title='bbox 1179 2763 1300 2835; x_wconf 85' lang='lat' dir='ltr'><strong>propriis</strong></span> <span class='ocrx_word' id='word_1_224' title='bbox 1317 2761 1440 2820; x_wconf 88' lang='lat' dir='ltr'><strong>civitati·</strong></span> <span class='ocrx_word' id='word_1_225' title='bbox 1511 2763 1701 2834; x_wconf 64' lang='lat' dir='ltr'><strong>*plectendum*</strong></span> 
     </span>
    </p>

    <p class='ocr_par' dir='ltr' id='par_1_19' title="bbox 406 2849 1905 3081">
     <span class='ocr_line' id='line_1_25' title="bbox 406 2849 1851 2922; baseline -0.004 -14"><span class='ocrx_word' id='word_1_226' title='bbox 406 2854 458 2908; x_wconf 91' lang='lat' dir='ltr'><strong>bus</strong></span> <span class='ocrx_word' id='word_1_227' title='bbox 477 2852 521 2907; x_wconf 89' lang='lat' dir='ltr'><strong>vel</strong></span> <span class='ocrx_word' id='word_1_228' title='bbox 539 2850 689 2907; x_wconf 85' lang='lat' dir='ltr'><strong>territoriis</strong></span> <span class='ocrx_word' id='word_1_229' title='bbox 706 2849 883 2906; x_wconf 87' lang='lat' dir='ltr'><strong>commissum</strong></span> <span class='ocrx_word' id='word_1_230' title='bbox 904 2851 963 2906; x_wconf 88' lang='lat' dir='ltr'><strong>tale</strong></span> <span class='ocrx_word' id='word_1_231' title='bbox 986 2849 1095 2921; x_wconf 87' lang='lat' dir='ltr'><strong>aliquid</strong></span> <span class='ocrx_word' id='word_1_232' title='bbox 1118 2849 1248 2907; x_wconf 87' lang='lat' dir='ltr'><strong>siluerint</strong></span> <span class='ocrx_word' id='word_1_233' title='bbox 1267 2849 1376 2922; x_wconf 69' lang='lat' dir='ltr'><strong>*gratia</strong></span> <span class='ocrx_word' id='word_1_234' title='bbox 1393 2851 1439 2906; x_wconf 92' lang='lat' dir='ltr'><strong>ob·</strong></span> <span class='ocrx_word' id='word_1_235' title='bbox 1512 2851 1553 2906; x_wconf 71' lang='lat' dir='ltr'><strong>*in</strong></span> <span class='ocrx_word' id='word_1_236' title='bbox 1571 2853 1680 2922; x_wconf 76' lang='lat' dir='ltr'><strong>gretiam</strong></span> <span class='ocrx_word' id='word_1_237' title='bbox 1702 2850 1851 2904; x_wconf 64' lang='lat' dir='ltr'><strong>noxiorum*</strong></span> 
     </span>
     <span class='ocr_line' id='line_1_26' title="bbox 406 2935 1905 3009; baseline -0.002 -14"><span class='ocrx_word' id='word_1_238' title='bbox 406 2937 574 3003; x_wconf 63' lang='lat' dir='ltr'><strong>noxiorum,</strong></span> <span class='ocrx_word' id='word_1_239' title='bbox 606 2935 811 3008; x_wconf 88' lang='lat' dir='ltr'><strong>deportationis</strong></span> <span class='ocrx_word' id='word_1_240' title='bbox 842 2954 961 3008; x_wconf 86' lang='lat' dir='ltr'><strong>poenam</strong></span> <span class='ocrx_word' id='word_1_241' title='bbox 991 2939 1021 2993; x_wconf 90' lang='lat' dir='ltr'><strong>et</strong></span> <span class='ocrx_word' id='word_1_242' title='bbox 1053 2936 1230 3009; x_wconf 85' lang='lat' dir='ltr'><strong>propriarum</strong></span> <span class='ocrx_word' id='word_1_243' title='bbox 1262 2936 1438 2994; x_wconf 84' lang='lat' dir='ltr'><strong>amissionem</strong></span> <span class='ocrx_word' id='word_1_244' title='bbox 1880 2945 1905 2986; x_wconf 74' lang='lat'><strong>²⁵</strong></span> 
     </span>
     <span class='ocr_line' id='line_1_27' title="bbox 406 3020 1437 3081; baseline -0.002 -1"><span class='ocrx_word' id='word_1_245' title='bbox 406 3020 575 3081; x_wconf 76' lang='lat' dir='ltr'><strong>facultatum</strong></span> <span class='ocrx_word' id='word_1_246' title='bbox 594 3041 624 3079; x_wconf 88' lang='lat' dir='ltr'><strong>se</strong></span> <span class='ocrx_word' id='word_1_247' title='bbox 641 3021 769 3079; x_wconf 83' lang='lat' dir='ltr'><strong>noverint</strong></span> <span class='ocrx_word' id='word_1_248' title='bbox 785 3021 935 3079; x_wconf 88' lang='lat' dir='ltr'><strong>subituros.</strong></span> <span class='ocrx_word' id='word_1_249' title='bbox 970 3040 1044 3081; x_wconf 74' lang='lat' dir='ltr'><strong>nara</strong></span> <span class='ocrx_word' id='word_1_250' title='bbox 1061 3041 1133 3078; x_wconf 87' lang='lat' dir='ltr'><strong>xvm</strong></span> <span class='ocrx_word' id='word_1_251' title='bbox 1156 3040 1220 3080; x_wconf 75' lang='lat' dir='ltr'><strong>aaa</strong></span> <span class='ocrx_word' id='word_1_252' title='bbox 1239 3041 1373 3079; x_wconf 75' lang='lat' dir='ltr'><strong>raasvna.</strong></span> <span class='ocrx_word' id='word_1_253' title='bbox 1393 3042 1437 3080; x_wconf 85' lang='lat' dir='ltr'><strong>uu.</strong></span> 
     </span>
    </p>

    <p class='ocr_par' dir='ltr' id='par_1_20' title="bbox 407 3125 1853 3166">
     <span class='ocr_line' id='line_1_28' title="bbox 407 3125 1853 3166; baseline 0 -1"><span class='ocrx_word' id='word_1_254' title='bbox 407 3128 453 3165; x_wconf 82' lang='grc' dir='ltr'>ιιιι.</span> <span class='ocrx_word' id='word_1_255' title='bbox 471 3127 592 3165; x_wconf 82' lang='grc' dir='ltr'>ιιοιιοιιιο</span> <span class='ocrx_word' id='word_1_256' title='bbox 611 3127 673 3164; x_wconf 85' lang='lat' dir='ltr'><strong>vnn</strong></span> <span class='ocrx_word' id='word_1_257' title='bbox 689 3126 723 3163; x_wconf 81' lang='lat' dir='ltr'><strong>ar</strong></span> <span class='ocrx_word' id='word_1_258' title='bbox 739 3126 920 3164; x_wconf 77' lang='lat' dir='ltr'><strong>resonosrov</strong></span> <span class='ocrx_word' id='word_1_259' title='bbox 938 3126 1001 3165; x_wconf 73' lang='lat' dir='ltr'><strong>ava.</strong></span> <span class='ocrx_word' id='word_1_260' title='bbox 1019 3127 1108 3165; x_wconf 83' lang='lat' dir='ltr'><strong>cossa</strong></span> <span class='ocrx_word' id='word_1_261' title='bbox 1127 3125 1268 3166; x_wconf 74' lang='lat' dir='ltr'><strong>murus.</strong></span> <span class='ocrx_word' id='word_1_262' title='bbox 1493 3129 1853 3142; x_wconf 81' lang='lat'><em>--—·-····--</em></span> 
     </span>
    </p>
   </div>
   <div class='ocr_carea' id='block_1_3' title="bbox 494 3318 1082 3386">
    <p class='ocr_par' dir='ltr' id='par_1_21' title="bbox 494 3318 1082 3386">
     <span class='ocr_line' id='line_1_29' title="bbox 494 3318 1082 3386; baseline 0 -14"><span class='ocrx_word' id='word_1_263' title='bbox 494 3321 523 3372; x_wconf 78' lang='grc' dir='ltr'><strong>Ζ.</strong></span> <span class='ocrx_word' id='word_1_264' title='bbox 541 3348 574 3358; x_wconf 92' lang='grc'>-</span> <span class='ocrx_word' id='word_1_265' title='bbox 594 3318 728 3386; x_wconf 68' lang='lat' dir='ltr'><strong>spumae</strong></span> <span class='ocrx_word' id='word_1_266' title='bbox 752 3319 1082 3385; x_wconf 61' lang='lat' dir='ltr'><strong>renascentes.</strong></span> 
     </span>
    </p>
   </div>
   <div class='ocr_carea' id='block_1_4' title="bbox 407 3438 1856 3699">
    <p class='ocr_par' dir='ltr' id='par_1_22' title="bbox 407 3438 1856 3699">
     <span class='ocr_line' id='line_1_30' title="bbox 410 3438 1852 3511; baseline -0.001 -17"><span class='ocrx_word' id='word_1_267' title='bbox 410 3442 422 3494; x_wconf 95' lang='lat' dir='ltr'><strong>l</strong></span> <span class='ocrx_word' id='word_1_268' title='bbox 442 3440 534 3511; x_wconf 65' lang='lat' dir='ltr'><strong>facus]</strong></span> <span class='ocrx_word' id='word_1_269' title='bbox 557 3441 619 3504; x_wconf 71' lang='lat' dir='ltr'><strong>Ta,</strong></span> <span class='ocrx_word' id='word_1_270' title='bbox 635 3445 733 3496; x_wconf 82' lang='lat' dir='ltr'><strong>sactum</strong></span> <span class='ocrx_word' id='word_1_271' title='bbox 746 3442 772 3493; x_wconf 82' lang='lat' dir='ltr'><em>Z</em></span> <span class='ocrx_word' id='word_1_272' title='bbox 847 3438 865 3492; x_wconf 77' lang='lat'>2</span> <span class='ocrx_word' id='word_1_273' title='bbox 882 3442 977 3493; x_wconf 82' lang='lat' dir='ltr'><strong>atrocis</strong></span> <span class='ocrx_word' id='word_1_274' title='bbox 990 3441 1016 3491; x_wconf 85' lang='lat' dir='ltr'><em>Z</em></span> <span class='ocrx_word' id='word_1_275' title='bbox 1019 3447 1035 3476; x_wconf 77' lang='lat'>⁸</span> <span class='ocrx_word' id='word_1_276' title='bbox 1126 3440 1131 3509; x_wconf 87' lang='grc' dir='ltr'>Ι</span> <span class='ocrx_word' id='word_1_277' title='bbox 1155 3438 1278 3509; x_wconf 85' lang='lat' dir='ltr'><strong>tepuisse]</strong></span> <span class='ocrx_word' id='word_1_278' title='bbox 1297 3441 1321 3491; x_wconf 85' lang='grc' dir='ltr'><em>Τ</em></span> <span class='ocrx_word' id='word_1_279' title='bbox 1323 3442 1357 3507; x_wconf 80' lang='lat' dir='ltr'><strong>b,</strong></span> <span class='ocrx_word' id='word_1_280' title='bbox 1376 3442 1507 3509; x_wconf 84' lang='lat' dir='ltr'><strong>cepisseZ</strong></span> <span class='ocrx_word' id='word_1_281' title='bbox 1575 3438 1607 3493; x_wconf 91' lang='grc'><strong>16</strong></span> <span class='ocrx_word' id='word_1_282' title='bbox 1625 3441 1776 3509; x_wconf 84' lang='lat' dir='ltr'><strong>perandum]</strong></span> <span class='ocrx_word' id='word_1_283' title='bbox 1795 3442 1852 3504; x_wconf 76' lang='lat' dir='ltr'><strong>Te,</strong></span> 
     </span>
     <span class='ocr_line' id='line_1_31' title="bbox 425 3508 1854 3578; baseline 0 -14"><span class='ocrx_word' id='word_1_284' title='bbox 425 3513 479 3564; x_wconf 90' lang='lat' dir='ltr'><strong>ubl.</strong></span> <span class='ocrx_word' id='word_1_285' title='bbox 503 3508 585 3578; x_wconf 82' lang='lat' dir='ltr'><strong>crim]</strong></span> <span class='ocrx_word' id='word_1_286' title='bbox 602 3512 668 3576; x_wconf 66' lang='lat' dir='ltr'><strong>aa,</strong></span> <span class='ocrx_word' id='word_1_287' title='bbox 693 3512 789 3563; x_wconf 73' lang='grc' dir='ltr'>οτίιιιοιι</span> <span class='ocrx_word' id='word_1_288' title='bbox 813 3510 885 3577; x_wconf 89' lang='lat' dir='ltr'><strong>publ.</strong></span> <span class='ocrx_word' id='word_1_289' title='bbox 903 3511 1000 3562; x_wconf 88' lang='lat' dir='ltr'><strong>crimen</strong></span> <span class='ocrx_word' id='word_1_290' title='bbox 1013 3510 1039 3560; x_wconf 87' lang='grc' dir='ltr'><em>Ζ</em></span> <span class='ocrx_word' id='word_1_291' title='bbox 1156 3512 1282 3578; x_wconf 87' lang='lat' dir='ltr'><strong>parandos</strong></span> <span class='ocrx_word' id='word_1_292' title='bbox 1295 3510 1320 3561; x_wconf 92' lang='grc' dir='ltr'><em>Ζ</em></span> <span class='ocrx_word' id='word_1_293' title='bbox 1404 3510 1437 3563; x_wconf 88' lang='grc'><strong>18</strong></span> <span class='ocrx_word' id='word_1_294' title='bbox 1455 3511 1675 3563; x_wconf 84' lang='lat' dir='ltr'><strong>conhibentian</strong></span> <span class='ocrx_word' id='word_1_295' title='bbox 1758 3509 1792 3563; x_wconf 87' lang='grc'><strong>19</strong></span> <span class='ocrx_word' id='word_1_296' title='bbox 1810 3529 1854 3564; x_wconf 87' lang='lat' dir='ltr'><strong>sx-</strong></span> 
     </span>
     <span class='ocr_line' id='line_1_32' title="bbox 407 3530 1856 3699; baseline -0.001 -65"><span class='ocrx_word' id='word_1_297' title='bbox 407 3530 478 3634; x_wconf 61' lang='lat' dir='ltr'><strong>irai</strong></span> <span class='ocrx_word' id='word_1_298' title='bbox 486 3581 527 3632; x_wconf 83' lang='lat'><strong>2·</strong></span> <span class='ocrx_word' id='word_1_299' title='bbox 580 3576 781 3699; x_wconf 41' lang='lat' dir='ltr'><strong>danmatione}</strong></span> <span class='ocrx_word' id='word_1_300' title='bbox 795 3579 853 3643; x_wconf 71' lang='lat' dir='ltr'><strong>Tb,</strong></span> <span class='ocrx_word' id='word_1_301' title='bbox 871 3581 1065 3632; x_wconf 77' lang='lat' dir='ltr'><strong>excusationem</strong></span> <span class='ocrx_word' id='word_1_302' title='bbox 1078 3579 1103 3629; x_wconf 92' lang='grc' dir='ltr'><em>Ζ</em></span> <span class='ocrx_word' id='word_1_303' title='bbox 1156 3581 1298 3633; x_wconf 69' lang='lat' dir='ltr'><strong>cuntionis</strong></span> <span class='ocrx_word' id='word_1_304' title='bbox 1311 3580 1336 3630; x_wconf 92' lang='grc' dir='ltr'><em>Ζ</em></span> <span class='ocrx_word' id='word_1_305' title='bbox 1395 3580 1466 3648; x_wconf 78' lang='lat' dir='ltr'><strong>leges</strong></span> <span class='ocrx_word' id='word_1_306' title='bbox 1479 3580 1504 3630; x_wconf 93' lang='grc' dir='ltr'><em>Ζ</em></span> <span class='ocrx_word' id='word_1_307' title='bbox 1563 3577 1674 3645; x_wconf 78' lang='lat' dir='ltr'><strong>nouerit]</strong></span> <span class='ocrx_word' id='word_1_308' title='bbox 1691 3580 1750 3644; x_wconf 73' lang='lat' dir='ltr'><strong>Te,</strong></span> <span class='ocrx_word' id='word_1_309' title='bbox 1768 3598 1816 3633; x_wconf 79' lang='lat' dir='ltr'><strong>oss.</strong></span> <span class='ocrx_word' id='word_1_310' title='bbox 1831 3581 1856 3632; x_wconf 92' lang='grc' dir='ltr'><em>Ζ</em></span> 
     </span>
    </p>
   </div>
   <div class='ocr_carea' id='block_1_5' title="bbox 441 3646 1812 3716">
    <p class='ocr_par' dir='ltr' id='par_1_23' title="bbox 441 3646 1812 3716">
     <span class='ocr_line' id='line_1_33' title="bbox 441 3646 1812 3716; baseline -0.001 -12"><span class='ocrx_word' id='word_1_311' title='bbox 441 3647 484 3716; x_wconf 67' lang='lat' dir='ltr'><strong>et?</strong></span> <span class='ocrx_word' id='word_1_312' title='bbox 501 3651 696 3703; x_wconf 77' lang='lat' dir='ltr'><strong>adminime</strong></span> <span class='ocrx_word' id='word_1_313' title='bbox 800 3650 912 3716; x_wconf 86' lang='lat' dir='ltr'><strong>potnerit</strong></span> <span class='ocrx_word' id='word_1_314' title='bbox 928 3650 1087 3716; x_wconf 79' lang='lat' dir='ltr'><strong>praesentari</strong></span> <span class='ocrx_word' id='word_1_315' title='bbox 1190 3649 1225 3701; x_wconf 78' lang='lat'><strong>21</strong></span> <span class='ocrx_word' id='word_1_316' title='bbox 1243 3646 1506 3716; x_wconf 70' lang='lat' dir='ltr'><strong>suggestionem</strong></span> <span class='ocrx_word' id='word_1_317' title='bbox 1576 3647 1612 3700; x_wconf 76' lang='lat'><strong>23</strong></span> <span class='ocrx_word' id='word_1_318' title='bbox 1628 3651 1812 3703; x_wconf 85' lang='lat' dir='ltr'><strong>subdender</strong></span> 
     </span>
    </p>
   </div>
   <div class='ocr_carea' id='block_1_6' title="bbox 413 3716 1807 3925">
    <p class='ocr_par' dir='ltr' id='par_1_24' title="bbox 413 3716 1807 3925">
     <span class='ocr_line' id='line_1_34' title="bbox 414 3716 1807 3787; baseline -0.001 -14"><span class='ocrx_word' id='word_1_319' title='bbox 414 3719 474 3784; x_wconf 72' lang='lat' dir='ltr'><strong>Tb,</strong></span> <span class='ocrx_word' id='word_1_320' title='bbox 484 3720 615 3787; x_wconf 85' lang='lat' dir='ltr'><strong>potuerint</strong></span> <span class='ocrx_word' id='word_1_321' title='bbox 626 3719 750 3787; x_wconf 80' lang='lat' dir='ltr'><strong>praestari</strong></span> <span class='ocrx_word' id='word_1_322' title='bbox 762 3718 787 3768; x_wconf 88' lang='grc' dir='ltr'><em>Ζ</em></span> <span class='ocrx_word' id='word_1_323' title='bbox 837 3717 879 3783; x_wconf 79' lang='grc'><strong>718</strong></span> <span class='ocrx_word' id='word_1_324' title='bbox 895 3719 964 3786; x_wconf 90' lang='lat' dir='ltr'><strong>quod</strong></span> <span class='ocrx_word' id='word_1_325' title='bbox 975 3735 1003 3771; x_wconf 89' lang='lat' dir='ltr'><strong>se</strong></span> <span class='ocrx_word' id='word_1_326' title='bbox 1014 3719 1092 3770; x_wconf 83' lang='lat' dir='ltr'><strong>armis</strong></span> <span class='ocrx_word' id='word_1_327' title='bbox 1157 3717 1192 3771; x_wconf 76' lang='grc'><strong>25</strong></span> <span class='ocrx_word' id='word_1_328' title='bbox 1210 3736 1316 3786; x_wconf 85' lang='lat' dir='ltr'><strong>poenam</strong></span> <span class='ocrx_word' id='word_1_329' title='bbox 1329 3716 1365 3786; x_wconf 87' lang='lat' dir='ltr'><strong>et]</strong></span> <span class='ocrx_word' id='word_1_330' title='bbox 1383 3718 1442 3783; x_wconf 75' lang='lat' dir='ltr'><strong>Tu,</strong></span> <span class='ocrx_word' id='word_1_331' title='bbox 1455 3735 1553 3786; x_wconf 87' lang='lat' dir='ltr'><strong>poenae</strong></span> <span class='ocrx_word' id='word_1_332' title='bbox 1563 3718 1588 3768; x_wconf 92' lang='grc' dir='ltr'><em>Ζ</em></span> <span class='ocrx_word' id='word_1_333' title='bbox 1635 3721 1771 3773; x_wconf 77' lang='lat' dir='ltr'><strong>missione</strong></span> <span class='ocrx_word' id='word_1_334' title='bbox 1781 3720 1807 3771; x_wconf 93' lang='grc' dir='ltr'><em>Ζ</em></span> 
     </span>
     <span class='ocr_line' id='line_1_35' title="bbox 413 3784 1799 3860; baseline -0.001 -18"><span class='ocrx_word' id='word_1_335' title='bbox 413 3792 470 3854; x_wconf 72' lang='lat' dir='ltr'><strong>Te,</strong></span> <span class='ocrx_word' id='word_1_336' title='bbox 485 3807 551 3857; x_wconf 88' lang='lat' dir='ltr'><strong>quos</strong></span> <span class='ocrx_word' id='word_1_337' title='bbox 562 3788 594 3841; x_wconf 87' lang='lat' dir='ltr'><strong>de</strong></span> <span class='ocrx_word' id='word_1_338' title='bbox 606 3790 710 3857; x_wconf 77' lang='lat' dir='ltr'><strong>egrisZ</strong></span> <span class='ocrx_word' id='word_1_339' title='bbox 777 3787 795 3839; x_wconf 85' lang='lat'>8</span> <span class='ocrx_word' id='word_1_340' title='bbox 812 3788 890 3840; x_wconf 87' lang='lat' dir='ltr'><strong>idioee</strong></span> <span class='ocrx_word' id='word_1_341' title='bbox 899 3788 942 3838; x_wconf 78' lang='lat' dir='ltr'><strong>Z·</strong></span> <span class='ocrx_word' id='word_1_342' title='bbox 1011 3787 1043 3839; x_wconf 93' lang='lat' dir='ltr'><strong>ll</strong></span> <span class='ocrx_word' id='word_1_343' title='bbox 1062 3804 1094 3839; x_wconf 90' lang='lat' dir='ltr'><strong>no</strong></span> <span class='ocrx_word' id='word_1_344' title='bbox 1157 3784 1235 3853; x_wconf 67' lang='lat'><em>2612?</em></span> <span class='ocrx_word' id='word_1_345' title='bbox 1248 3796 1359 3854; x_wconf 81' lang='lat' dir='ltr'><strong>propter</strong></span> <span class='ocrx_word' id='word_1_346' title='bbox 1373 3788 1584 3860; x_wconf 74' lang='lat' dir='ltr'><strong>subsmptioncm</strong></span> <span class='ocrx_word' id='word_1_347' title='bbox 1599 3787 1656 3841; x_wconf 83' lang='lat' dir='ltr'><strong>uide</strong></span> <span class='ocrx_word' id='word_1_348' title='bbox 1674 3794 1746 3856; x_wconf 59' lang='lat' dir='ltr'><strong>ido,</strong></span> <span class='ocrx_word' id='word_1_349' title='bbox 1763 3794 1799 3842; x_wconf 72' lang='lat'><strong>46</strong></span> 
     </span>
     <span class='ocr_line' id='line_1_36' title="bbox 414 3854 1059 3925; baseline -0.006 -14"><span class='ocrx_word' id='word_1_350' title='bbox 414 3860 439 3911; x_wconf 84' lang='grc' dir='ltr'><em>Τ</em></span> <span class='ocrx_word' id='word_1_351' title='bbox 439 3861 473 3925; x_wconf 77' lang='lat' dir='ltr'><strong>b,</strong></span> <span class='ocrx_word' id='word_1_352' title='bbox 491 3860 578 3911; x_wconf 83' lang='grc' dir='ltr'>οοι.Ζ</span> <span class='ocrx_word' id='word_1_353' title='bbox 650 3858 684 3911; x_wconf 86' lang='grc'><strong>15</strong></span> <span class='ocrx_word' id='word_1_354' title='bbox 701 3875 729 3911; x_wconf 88' lang='lat' dir='ltr'><strong>sa</strong></span> <span class='ocrx_word' id='word_1_355' title='bbox 747 3854 877 3925; x_wconf 81' lang='lat' dir='ltr'><strong>datarum]</strong></span> <span class='ocrx_word' id='word_1_356' title='bbox 895 3857 954 3922; x_wconf 74' lang='lat' dir='ltr'><strong>Te,</strong></span> <span class='ocrx_word' id='word_1_357' title='bbox 971 3874 1020 3909; x_wconf 84' lang='lat' dir='ltr'><strong>om.</strong></span> <span class='ocrx_word' id='word_1_358' title='bbox 1033 3856 1059 3907; x_wconf 99' lang='grc' dir='ltr'><em>Ζ</em></span> 
     </span>
    </p>
   </div>
   <div class='ocr_carea' id='block_1_7' title="bbox 376 4102 622 4174">
    <p class='ocr_par' dir='ltr' id='par_1_25' title="bbox 376 4102 622 4174">
     <span class='ocr_line' id='line_1_37' title="bbox 376 4102 622 4174; baseline -0.02 -12"><span class='ocrx_word' id='word_1_359' title='bbox 376 4102 622 4174; x_wconf 57' lang='lat' dir='ltr'><strong>mmmu</strong></span> 
     </span>
    </p>
   </div>
   <div class='ocr_carea' id='block_1_8' title="bbox 408 4217 1906 5138">
    <p class='ocr_par' dir='ltr' id='par_1_26' title="bbox 408 4217 1906 5138">
     <span class='ocr_line' id='line_1_38' title="bbox 477 4217 1855 4264; baseline -0.004 -1"><span class='ocrx_word' id='word_1_360' title='bbox 477 4225 553 4263; x_wconf 78' lang='lat' dir='ltr'><strong>mr.</strong></span> <span class='ocrx_word' id='word_1_361' title='bbox 571 4223 710 4264; x_wconf 77' lang='lat' dir='ltr'><strong>nervosius</strong></span> <span class='ocrx_word' id='word_1_362' title='bbox 729 4222 762 4259; x_wconf 85' lang='lat' dir='ltr'><strong>ar</strong></span> <span class='ocrx_word' id='word_1_363' title='bbox 780 4220 947 4260; x_wconf 77' lang='lat' dir='ltr'><strong>sueonosrvs</strong></span> <span class='ocrx_word' id='word_1_364' title='bbox 964 4221 1012 4259; x_wconf 78' lang='lat' dir='ltr'><strong>sn.</strong></span> <span class='ocrx_word' id='word_1_365' title='bbox 1024 4222 1063 4258; x_wconf 76' lang='lat' dir='ltr'><strong>nn</strong></span> <span class='ocrx_word' id='word_1_366' title='bbox 1080 4220 1210 4259; x_wconf 78' lang='lat' dir='ltr'><strong>nmmvu</strong></span> <span class='ocrx_word' id='word_1_367' title='bbox 1228 4218 1316 4257; x_wconf 75' lang='lat' dir='ltr'><strong>visvis</strong></span> <span class='ocrx_word' id='word_1_368' title='bbox 1333 4217 1486 4258; x_wconf 80' lang='lat' dir='ltr'><strong>mvs&#39;resn</strong></span> <span class='ocrx_word' id='word_1_369' title='bbox 1502 4218 1680 4257; x_wconf 77' lang='lat' dir='ltr'><strong>mseuorvn</strong></span> <span class='ocrx_word' id='word_1_370' title='bbox 1701 4219 1855 4258; x_wconf 72' lang='lat' dir='ltr'><strong>muman.</strong></span> 
     </span>
     <span class='ocr_line' id='line_1_39' title="bbox 408 4287 1853 4364; baseline -0.005 -13"><span class='ocrx_word' id='word_1_371' title='bbox 408 4297 471 4351; x_wconf 87' lang='lat' dir='ltr'><strong>Non</strong></span> <span class='ocrx_word' id='word_1_372' title='bbox 484 4314 592 4351; x_wconf 89' lang='lat' dir='ltr'><strong>cassum</strong></span> <span class='ocrx_word' id='word_1_373' title='bbox 606 4297 732 4349; x_wconf 91' lang='lat' dir='ltr'><strong>veterum</strong></span> <span class='ocrx_word' id='word_1_374' title='bbox 743 4290 894 4364; x_wconf 86' lang='lat' dir='ltr'><strong>prudentis</strong></span> <span class='ocrx_word' id='word_1_375' title='bbox 906 4289 1055 4347; x_wconf 86' lang='lat' dir='ltr'><strong>constituit</strong></span> <span class='ocrx_word' id='word_1_376' title='bbox 1066 4290 1140 4360; x_wconf 90' lang='lat' dir='ltr'><strong>quod</strong></span> <span class='ocrx_word' id='word_1_377' title='bbox 1152 4288 1311 4361; x_wconf 89' lang='lat' dir='ltr'><strong>adpetitam</strong></span> <span class='ocrx_word' id='word_1_378' title='bbox 1322 4287 1511 4345; x_wconf 87' lang='lat' dir='ltr'><strong>innocentiam</strong></span> <span class='ocrx_word' id='word_1_379' title='bbox 1522 4288 1660 4346; x_wconf 86' lang='lat' dir='ltr'><strong>solaretur</strong></span> <span class='ocrx_word' id='word_1_380' title='bbox 1677 4293 1707 4345; x_wconf 92' lang='lat' dir='ltr'><strong>et</strong></span> <span class='ocrx_word' id='word_1_381' title='bbox 1724 4287 1853 4362; x_wconf 79' lang='lat' dir='ltr'><strong>purgatis</strong></span> 
     </span>
     <span class='ocr_line' id='line_1_40' title="bbox 409 4375 1852 4454; baseline -0.004 -15"><span class='ocrx_word' id='word_1_382' title='bbox 409 4381 534 4454; x_wconf 91' lang='lat' dir='ltr'><strong>repperit</strong></span> <span class='ocrx_word' id='word_1_383' title='bbox 545 4380 689 4446; x_wconf 89' lang='lat' dir='ltr'><strong>ultionem,</strong></span> <span class='ocrx_word' id='word_1_384' title='bbox 708 4397 743 4436; x_wconf 93' lang='lat' dir='ltr'><strong>ne</strong></span> <span class='ocrx_word' id='word_1_385' title='bbox 761 4378 851 4435; x_wconf 87' lang='lat' dir='ltr'><strong>libera</strong></span> <span class='ocrx_word' id='word_1_386' title='bbox 864 4375 1063 4434; x_wconf 85' lang='lat' dir='ltr'><strong>calumniantis</strong></span> <span class='ocrx_word' id='word_1_387' title='bbox 1074 4376 1194 4434; x_wconf 91' lang='lat' dir='ltr'><strong>intentio</strong></span> <span class='ocrx_word' id='word_1_388' title='bbox 1211 4376 1334 4433; x_wconf 89' lang='lat' dir='ltr'><strong>insontes</strong></span> <span class='ocrx_word' id='word_1_389' title='bbox 1346 4375 1500 4448; x_wconf 78' lang='lat' dir='ltr'><strong>adfligeret.</strong></span> <span class='ocrx_word' id='word_1_390' title='bbox 1536 4376 1633 4433; x_wconf 85' lang='lat' dir='ltr'><strong>Terret</strong></span> <span class='ocrx_word' id='word_1_391' title='bbox 1645 4376 1758 4446; x_wconf 89' lang='lat' dir='ltr'><strong>quidem</strong></span> <span class='ocrx_word' id='word_1_392' title='bbox 1773 4392 1852 4433; x_wconf 87' lang='lat' dir='ltr'><strong>reum</strong></span> 
     </span>
     <span class='ocr_line' id='line_1_41' title="bbox 410 4460 1852 4541; baseline -0.006 -15"><span class='ocrx_word' id='word_1_393' title='bbox 410 4469 555 4541; x_wconf 90' lang='lat' dir='ltr'><strong>proposita</strong></span> <span class='ocrx_word' id='word_1_394' title='bbox 566 4485 658 4539; x_wconf 88' lang='lat' dir='ltr'><strong>poena</strong></span> <span class='ocrx_word' id='word_1_395' title='bbox 667 4465 829 4523; x_wconf 89' lang='lat' dir='ltr'><strong>criminibus</strong></span> <span class='ocrx_word' id='word_1_396' title='bbox 839 4468 869 4521; x_wconf 90' lang='lat' dir='ltr'><strong>et</strong></span> <span class='ocrx_word' id='word_1_397' title='bbox 879 4464 951 4520; x_wconf 82' lang='lat' dir='ltr'><strong>facit</strong></span> <span class='ocrx_word' id='word_1_398' title='bbox 959 4467 1150 4520; x_wconf 88' lang='lat' dir='ltr'><strong>accusatorem</strong></span> <span class='ocrx_word' id='word_1_399' title='bbox 1161 4462 1302 4520; x_wconf 88' lang='lat' dir='ltr'><strong>vindictae</strong></span> <span class='ocrx_word' id='word_1_400' title='bbox 1312 4460 1549 4534; x_wconf 88' lang='lat' dir='ltr'><strong>contemplatione</strong></span> <span class='ocrx_word' id='word_1_401' title='bbox 1560 4462 1722 4529; x_wconf 69' lang='lat' dir='ltr'><strong>oaufiorem,</strong></span> <span class='ocrx_word' id='word_1_402' title='bbox 1731 4481 1766 4520; x_wconf 90' lang='lat' dir='ltr'><strong>ne</strong></span> <span class='ocrx_word' id='word_1_403' title='bbox 1779 4462 1852 4533; x_wconf 86' lang='lat' dir='ltr'><strong>quis-</strong></span> 
     </span>
     <span class='ocr_line' id='line_1_42' title="bbox 408 4549 1903 4628; baseline -0.005 -14"><span class='ocrx_word' id='word_1_404' title='bbox 408 4575 493 4628; x_wconf 87' lang='lat' dir='ltr'><strong>quam</strong></span> <span class='ocrx_word' id='word_1_405' title='bbox 505 4556 572 4612; x_wconf 90' lang='lat' dir='ltr'><strong>solis</strong></span> <span class='ocrx_word' id='word_1_406' title='bbox 583 4554 736 4626; x_wconf 84' lang='lat' dir='ltr'><strong>aliquando</strong></span> <span class='ocrx_word' id='word_1_407' title='bbox 747 4550 961 4609; x_wconf 88' lang='lat' dir='ltr'><strong>inimicitiarum</strong></span> <span class='ocrx_word' id='word_1_408' title='bbox 973 4550 1095 4607; x_wconf 90' lang='lat' dir='ltr'><strong>stimulis</strong></span> <span class='ocrx_word' id='word_1_409' title='bbox 1107 4549 1243 4607; x_wconf 88' lang='lat' dir='ltr'><strong>incitatus</strong></span> <span class='ocrx_word' id='word_1_410' title='bbox 1255 4550 1367 4623; x_wconf 80' lang='lat' dir='ltr'><strong>ingerat</strong></span> <span class='ocrx_word' id='word_1_411' title='bbox 1378 4567 1431 4606; x_wconf 92' lang='lat' dir='ltr'><strong>non</strong></span> <span class='ocrx_word' id='word_1_412' title='bbox 1445 4550 1589 4622; x_wconf 88' lang='lat' dir='ltr'><strong>probanda</strong></span> <span class='ocrx_word' id='word_1_413' title='bbox 1601 4549 1748 4606; x_wconf 90' lang='lat' dir='ltr'><strong>iudicibus.</strong></span> <span class='ocrx_word' id='word_1_414' title='bbox 1775 4549 1853 4614; x_wconf 81' lang='lat' dir='ltr'><strong>Quae</strong></span> <span class='ocrx_word' id='word_1_415' title='bbox 1891 4575 1903 4613; x_wconf 76' lang='grc' dir='ltr'>ο</span> 
     </span>
     <span class='ocr_line' id='line_1_43' title="bbox 410 4634 1492 4714; baseline -0.006 -15"><span class='ocrx_word' id='word_1_416' title='bbox 410 4643 463 4700; x_wconf 88' lang='lat' dir='ltr'><strong>fori</strong></span> <span class='ocrx_word' id='word_1_417' title='bbox 490 4642 632 4714; x_wconf 85' lang='lat' dir='ltr'><strong>aequitas,</strong></span> <span class='ocrx_word' id='word_1_418' title='bbox 658 4638 797 4711; x_wconf 87' lang='lat' dir='ltr'><strong>responsis</strong></span> <span class='ocrx_word' id='word_1_419' title='bbox 822 4642 950 4694; x_wconf 90' lang='lat' dir='ltr'><strong>veterum</strong></span> <span class='ocrx_word' id='word_1_420' title='bbox 972 4641 1002 4695; x_wconf 89' lang='lat' dir='ltr'><strong>et</strong></span> <span class='ocrx_word' id='word_1_421' title='bbox 1024 4637 1120 4709; x_wconf 78' lang='lat' dir='ltr'><strong>legum</strong></span> <span class='ocrx_word' id='word_1_422' title='bbox 1142 4638 1301 4693; x_wconf 89' lang='lat' dir='ltr'><strong>nostrarum</strong></span> <span class='ocrx_word' id='word_1_423' title='bbox 1324 4634 1492 4693; x_wconf 83' lang='lat' dir='ltr'><strong>aeternitate</strong></span> 
     </span>
     <span class='ocr_line' id='line_1_44' title="bbox 410 4722 1722 4795; baseline -0.005 -9"><span class='ocrx_word' id='word_1_424' title='bbox 410 4730 545 4793; x_wconf 86' lang='lat' dir='ltr'><strong>solidata,</strong></span> <span class='ocrx_word' id='word_1_425' title='bbox 572 4726 681 4784; x_wconf 86' lang='lat' dir='ltr'><strong>cunctis</strong></span> <span class='ocrx_word' id='word_1_426' title='bbox 703 4728 746 4783; x_wconf 88' lang='lat' dir='ltr'><strong>est</strong></span> <span class='ocrx_word' id='word_1_427' title='bbox 764 4725 861 4782; x_wconf 86' lang='lat' dir='ltr'><strong>delata</strong></span> <span class='ocrx_word' id='word_1_428' title='bbox 879 4723 1017 4795; x_wconf 89' lang='lat' dir='ltr'><strong>personis,</strong></span> <span class='ocrx_word' id='word_1_429' title='bbox 1035 4723 1120 4780; x_wconf 89' lang='lat' dir='ltr'><strong>debet</strong></span> <span class='ocrx_word' id='word_1_430' title='bbox 1137 4722 1247 4779; x_wconf 88' lang='lat' dir='ltr'><strong>clericis</strong></span> <span class='ocrx_word' id='word_1_431' title='bbox 1263 4740 1336 4778; x_wconf 90' lang='lat' dir='ltr'><strong>nuno</strong></span> <span class='ocrx_word' id='word_1_432' title='bbox 1354 4722 1492 4793; x_wconf 88' lang='lat' dir='ltr'><strong>prodesse,</strong></span> <span class='ocrx_word' id='word_1_433' title='bbox 1678 4741 1722 4780; x_wconf 80' lang='lat' dir='ltr'><strong>su.</strong></span> 
     </span>
     <span class='ocr_line' id='line_1_45' title="bbox 421 4807 1853 4888; baseline -0.005 -15"><span class='ocrx_word' id='word_1_434' title='bbox 421 4821 434 4886; x_wconf 87' lang='grc'><strong>11</strong></span> <span class='ocrx_word' id='word_1_435' title='bbox 448 4818 546 4888; x_wconf 68' lang='lat' dir='ltr'><strong>*qnos⁴</strong></span> <span class='ocrx_word' id='word_1_436' title='bbox 565 4832 620 4871; x_wconf 89' lang='lat' dir='ltr'><strong>non</strong></span> <span class='ocrx_word' id='word_1_437' title='bbox 639 4811 693 4869; x_wconf 88' lang='lat' dir='ltr'><strong>nisi</strong></span> <span class='ocrx_word' id='word_1_438' title='bbox 711 4812 789 4883; x_wconf 92' lang='lat' dir='ltr'><strong>apud</strong></span> <span class='ocrx_word' id='word_1_439' title='bbox 806 4810 952 4884; x_wconf 84' lang='lat' dir='ltr'><strong>episcopos</strong></span> <span class='ocrx_word' id='word_1_440' title='bbox 969 4809 1100 4867; x_wconf 89' lang='lat' dir='ltr'><strong>convenit</strong></span> <span class='ocrx_word' id='word_1_441' title='bbox 1117 4808 1251 4866; x_wconf 87' lang='lat' dir='ltr'><strong>accusari.</strong></span> <span class='ocrx_word' id='word_1_442' title='bbox 1264 4812 1275 4878; x_wconf 88' lang='grc' dir='ltr'><strong>ΙΙ</strong></span> <span class='ocrx_word' id='word_1_443' title='bbox 1292 4809 1399 4877; x_wconf 89' lang='lat' dir='ltr'><strong>Quibus</strong></span> <span class='ocrx_word' id='word_1_444' title='bbox 1420 4807 1492 4863; x_wconf 89' lang='lat' dir='ltr'><strong>nibil</strong></span> <span class='ocrx_word' id='word_1_445' title='bbox 1557 4815 1568 4881; x_wconf 75' lang='grc' dir='ltr'><strong>ΙΙ</strong></span> <span class='ocrx_word' id='word_1_446' title='bbox 1582 4812 1716 4868; x_wconf 66' lang='grc' dir='ltr'><strong>ὀοῐοιὶοιιοο4</strong></span> <span class='ocrx_word' id='word_1_447' title='bbox 1745 4813 1750 4882; x_wconf 77' lang='lat' dir='ltr'><strong>l</strong></span> <span class='ocrx_word' id='word_1_448' title='bbox 1785 4813 1797 4881; x_wconf 93' lang='grc'><strong>11</strong></span> <span class='ocrx_word' id='word_1_449' title='bbox 1802 4818 1853 4884; x_wconf 78' lang='lat' dir='ltr'><strong>fin.</strong></span> 
     </span>
     <span class='ocr_line' id='line_1_46' title="bbox 413 4894 1493 4964; baseline -0.01 -4"><span class='ocrx_word' id='word_1_450' title='bbox 413 4902 545 4960; x_wconf 86' lang='lat' dir='ltr'><strong>convenit</strong></span> <span class='ocrx_word' id='word_1_451' title='bbox 563 4902 668 4958; x_wconf 88' lang='lat' dir='ltr'><strong>hebere</strong></span> <span class='ocrx_word' id='word_1_452' title='bbox 686 4916 839 4964; x_wconf 89' lang='lat' dir='ltr'><strong>commune,</strong></span> <span class='ocrx_word' id='word_1_453' title='bbox 856 4915 892 4954; x_wconf 91' lang='lat' dir='ltr'><strong>ne</strong></span> <span class='ocrx_word' id='word_1_454' title='bbox 910 4897 1003 4953; x_wconf 88' lang='lat' dir='ltr'><strong>cultus</strong></span> <span class='ocrx_word' id='word_1_455' title='bbox 1021 4896 1189 4954; x_wconf 86' lang='lat' dir='ltr'><strong>venerabilis</strong></span> <span class='ocrx_word' id='word_1_456' title='bbox 1211 4897 1338 4952; x_wconf 86' lang='lat' dir='ltr'><strong>sacerdos</strong></span> <span class='ocrx_word' id='word_1_457' title='bbox 1355 4899 1385 4953; x_wconf 90' lang='lat' dir='ltr'><strong>et</strong></span> <span class='ocrx_word' id='word_1_458' title='bbox 1403 4894 1493 4952; x_wconf 75' lang='lat' dir='ltr'><strong>Chris</strong></span> 
     </span>
     <span class='ocr_line' id='line_1_47' title="bbox 410 4982 1906 5061; baseline -0.011 -13"><span class='ocrx_word' id='word_1_459' title='bbox 410 4990 506 5049; x_wconf 87' lang='lat' dir='ltr'><strong>tianae</strong></span> <span class='ocrx_word' id='word_1_460' title='bbox 523 4988 582 5061; x_wconf 82' lang='lat' dir='ltr'><strong>legi</strong></span> <span class='ocrx_word' id='word_1_461' title='bbox 599 4986 713 5043; x_wconf 90' lang='lat' dir='ltr'><strong>dicatus</strong></span> <span class='ocrx_word' id='word_1_462' title='bbox 730 4984 870 5050; x_wconf 87' lang='lat' dir='ltr'><strong>minister,</strong></span> <span class='ocrx_word' id='word_1_463' title='bbox 895 4982 996 5054; x_wconf 90' lang='lat' dir='ltr'><strong>quibus</strong></span> <span class='ocrx_word' id='word_1_464' title='bbox 1019 4982 1125 5041; x_wconf 90' lang='lat' dir='ltr'><strong>intuitu</strong></span> <span class='ocrx_word' id='word_1_465' title='bbox 1142 4982 1286 5054; x_wconf 76' lang='lat' dir='ltr'><strong>religionis</strong></span> <span class='ocrx_word' id='word_1_466' title='bbox 1303 4982 1392 5038; x_wconf 91' lang='lat' dir='ltr'><strong>maior</strong></span> <span class='ocrx_word' id='word_1_467' title='bbox 1408 4999 1493 5051; x_wconf 88' lang='lat' dir='ltr'><strong>qnam</strong></span> <span class='ocrx_word' id='word_1_468' title='bbox 1880 5002 1906 5043; x_wconf 68' lang='grc' dir='ltr'><strong>ω</strong></span> 
     </span>
     <span class='ocr_line' id='line_1_48' title="bbox 417 5067 1494 5138; baseline -0.009 -4"><span class='ocrx_word' id='word_1_469' title='bbox 417 5076 518 5134; x_wconf 85' lang='lat' dir='ltr'><strong>ceteris</strong></span> <span class='ocrx_word' id='word_1_470' title='bbox 536 5075 644 5132; x_wconf 86' lang='lat' dir='ltr'><strong>talibus</strong></span> <span class='ocrx_word' id='word_1_471' title='bbox 660 5071 818 5131; x_wconf 87' lang='lat' dir='ltr'><strong>reverentia</strong></span> <span class='ocrx_word' id='word_1_472' title='bbox 836 5071 984 5128; x_wconf 71' lang='lat' dir='ltr'><strong>deimends</strong></span> <span class='ocrx_word' id='word_1_473' title='bbox 994 5073 1046 5138; x_wconf 88' lang='lat' dir='ltr'><strong>est,</strong></span> <span class='ocrx_word' id='word_1_474' title='bbox 1057 5088 1154 5128; x_wconf 86' lang='lat' dir='ltr'><strong>securo</strong></span> <span class='ocrx_word' id='word_1_475' title='bbox 1166 5067 1365 5126; x_wconf 87' lang='lat' dir='ltr'><strong>calumniantis</strong></span> <span class='ocrx_word' id='word_1_476' title='bbox 1376 5067 1494 5125; x_wconf 91' lang='lat' dir='ltr'><strong>arbitrio</strong></span> 
     </span>
    </p>
   </div>
   <div class='ocr_carea' id='block_1_9' title="bbox 410 5277 1854 5423">
    <p class='ocr_par' dir='ltr' id='par_1_27' title="bbox 410 5277 1854 5423">
     <span class='ocr_line' id='line_1_49' title="bbox 410 5277 1854 5355; baseline -0.007 -15"><span class='ocrx_word' id='word_1_477' title='bbox 410 5285 459 5355; x_wconf 77' lang='grc' dir='ltr'>ιιι]</span> <span class='ocrx_word' id='word_1_478' title='bbox 477 5288 513 5339; x_wconf 81' lang='lat' dir='ltr'><strong>sic</strong></span> <span class='ocrx_word' id='word_1_479' title='bbox 530 5295 591 5339; x_wconf 83' lang='lat' dir='ltr'><strong>cate</strong></span> <span class='ocrx_word' id='word_1_480' title='bbox 606 5287 668 5354; x_wconf 89' lang='lat' dir='ltr'><strong>imp.</strong></span> <span class='ocrx_word' id='word_1_481' title='bbox 680 5295 706 5339; x_wconf 91' lang='lat' dir='ltr'><strong>et</strong></span> <span class='ocrx_word' id='word_1_482' title='bbox 717 5285 776 5351; x_wconf 81' lang='lat' dir='ltr'><strong>(ric)</strong></span> <span class='ocrx_word' id='word_1_483' title='bbox 793 5287 853 5337; x_wconf 90' lang='lat' dir='ltr'><strong>bon.</strong></span> <span class='ocrx_word' id='word_1_484' title='bbox 867 5286 893 5336; x_wconf 92' lang='grc' dir='ltr'><em>Ζ</em></span> <span class='ocrx_word' id='word_1_485' title='bbox 939 5287 972 5337; x_wconf 76' lang='lat' dir='ltr'><strong>e’a</strong></span> <span class='ocrx_word' id='word_1_486' title='bbox 988 5301 1038 5336; x_wconf 71' lang='lat' dir='ltr'><strong>on.</strong></span> <span class='ocrx_word' id='word_1_487' title='bbox 1050 5284 1076 5335; x_wconf 92' lang='grc' dir='ltr'><em>Ζ</em></span> <span class='ocrx_word' id='word_1_488' title='bbox 1195 5280 1211 5333; x_wconf 77' lang='lat' dir='ltr'><strong>&#39;l</strong></span> <span class='ocrx_word' id='word_1_489' title='bbox 1228 5283 1308 5334; x_wconf 84' lang='lat' dir='ltr'><strong>dilata</strong></span> <span class='ocrx_word' id='word_1_490' title='bbox 1320 5282 1346 5333; x_wconf 93' lang='grc' dir='ltr'><em>Ζ</em></span> <span class='ocrx_word' id='word_1_491' title='bbox 1389 5282 1522 5349; x_wconf 81' lang='lat' dir='ltr'><strong>prodesses</strong></span> <span class='ocrx_word' id='word_1_492' title='bbox 1533 5280 1559 5331; x_wconf 92' lang='grc' dir='ltr'><em>Ζ</em></span> <span class='ocrx_word' id='word_1_493' title='bbox 1607 5277 1694 5332; x_wconf 76' lang='lat' dir='ltr'><strong>daco.</strong></span> <span class='ocrx_word' id='word_1_494' title='bbox 1711 5295 1786 5331; x_wconf 92' lang='lat' dir='ltr'><strong>oonn.</strong></span> <span class='ocrx_word' id='word_1_495' title='bbox 1804 5277 1854 5330; x_wconf 74' lang='lat' dir='ltr'><strong>Tu.</strong></span> 
     </span>
     <span class='ocr_line' id='line_1_50' title="bbox 411 5348 1821 5423; baseline -0.006 -14"><span class='ocrx_word' id='word_1_496' title='bbox 411 5357 426 5409; x_wconf 94' lang='lat' dir='ltr'><strong>l</strong></span> <span class='ocrx_word' id='word_1_497' title='bbox 444 5358 477 5409; x_wconf 87' lang='lat' dir='ltr'><strong>sd</strong></span> <span class='ocrx_word' id='word_1_498' title='bbox 495 5356 630 5421; x_wconf 85' lang='lat' dir='ltr'><strong>melitium]</strong></span> <span class='ocrx_word' id='word_1_499' title='bbox 648 5363 675 5409; x_wconf 88' lang='lat' dir='ltr'><strong>et</strong></span> <span class='ocrx_word' id='word_1_500' title='bbox 686 5357 816 5407; x_wconf 80' lang='lat' dir='ltr'><strong>maliciam</strong></span> <span class='ocrx_word' id='word_1_501' title='bbox 825 5355 851 5406; x_wconf 88' lang='lat' dir='ltr'><em>Z</em></span> <span class='ocrx_word' id='word_1_502' title='bbox 898 5356 950 5423; x_wconf 76' lang='lat' dir='ltr'><strong>p&#39;p’o</strong></span> <span class='ocrx_word' id='word_1_503' title='bbox 963 5354 1019 5419; x_wconf 75' lang='lat' dir='ltr'><strong>Ta,</strong></span> <span class='ocrx_word' id='word_1_504' title='bbox 1035 5371 1107 5422; x_wconf 82' lang='lat' dir='ltr'><strong>prse-</strong></span> <span class='ocrx_word' id='word_1_505' title='bbox 1195 5350 1212 5403; x_wconf 90' lang='lat'><strong>9</strong></span> <span class='ocrx_word' id='word_1_506' title='bbox 1230 5348 1374 5418; x_wconf 78' lang='lat' dir='ltr'><strong>commune]</strong></span> <span class='ocrx_word' id='word_1_507' title='bbox 1393 5367 1528 5404; x_wconf 89' lang='lat' dir='ltr'><strong>commune</strong></span> <span class='ocrx_word' id='word_1_508' title='bbox 1546 5367 1606 5403; x_wconf 91' lang='lat' dir='ltr'><strong>cum</strong></span> <span class='ocrx_word' id='word_1_509' title='bbox 1623 5348 1728 5401; x_wconf 84' lang='lat' dir='ltr'><strong>saeculo</strong></span> <span class='ocrx_word' id='word_1_510' title='bbox 1740 5348 1821 5401; x_wconf 74' lang='lat' dir='ltr'><strong>Seeck</strong></span> 
     </span>
    </p>
   </div>
   <div class='ocr_carea' id='block_1_10' title="bbox 410 5414 1855 5563">
    <p class='ocr_par' dir='ltr' id='par_1_28' title="bbox 410 5414 1855 5563">
     <span class='ocr_line' id='line_1_51' title="bbox 410 5414 1855 5493; baseline -0.006 -14"><span class='ocrx_word' id='word_1_511' title='bbox 410 5430 507 5479; x_wconf 82' lang='lat' dir='ltr'><strong>fectum</strong></span> <span class='ocrx_word' id='word_1_512' title='bbox 525 5423 585 5491; x_wconf 85' lang='lat' dir='ltr'><strong>(om.</strong></span> <span class='ocrx_word' id='word_1_513' title='bbox 604 5425 736 5493; x_wconf 85' lang='lat' dir='ltr'><strong>praetorii)</strong></span> <span class='ocrx_word' id='word_1_514' title='bbox 749 5424 775 5475; x_wconf 91' lang='lat' dir='ltr'><em>Z</em></span> <span class='ocrx_word' id='word_1_515' title='bbox 869 5421 946 5489; x_wconf 84' lang='lat' dir='ltr'><strong>3qu</strong></span> <span class='ocrx_word' id='word_1_516' title='bbox 964 5432 991 5476; x_wconf 84' lang='lat' dir='ltr'><strong>et</strong></span> <span class='ocrx_word' id='word_1_517' title='bbox 1007 5423 1077 5477; x_wconf 84' lang='lat' dir='ltr'><strong>neZ</strong></span> <span class='ocrx_word' id='word_1_518' title='bbox 1159 5423 1304 5476; x_wconf 81' lang='lat' dir='ltr'><strong>sacerdotes</strong></span> <span class='ocrx_word' id='word_1_519' title='bbox 1317 5421 1343 5471; x_wconf 92' lang='grc' dir='ltr'><em>Ζ</em></span> <span class='ocrx_word' id='word_1_520' title='bbox 1399 5420 1432 5473; x_wconf 90' lang='grc'><strong>10</strong></span> <span class='ocrx_word' id='word_1_521' title='bbox 1448 5419 1552 5488; x_wconf 75' lang='lat' dir='ltr'><strong>legisZ</strong></span> <span class='ocrx_word' id='word_1_522' title='bbox 1594 5414 1855 5487; x_wconf 78' lang='lat' dir='ltr'><strong>quibuslsor.queli-</strong></span> 
     </span>
     <span class='ocr_line' id='line_1_52' title="bbox 411 5493 1211 5563; baseline -0.006 -13"><span class='ocrx_word' id='word_1_523' title='bbox 411 5495 635 5550; x_wconf 85' lang='lat' dir='ltr'><strong>calumniantesZ</strong></span> <span class='ocrx_word' id='word_1_524' title='bbox 674 5494 838 5563; x_wconf 86' lang='lat' dir='ltr'><strong>quendamZ</strong></span> <span class='ocrx_word' id='word_1_525' title='bbox 881 5493 1111 5547; x_wconf 77' lang='lat' dir='ltr'><strong>binimitiarumZ</strong></span> <span class='ocrx_word' id='word_1_526' title='bbox 1161 5493 1211 5545; x_wconf 84' lang='lat' dir='ltr'><strong>bna</strong></span> 
     </span>
    </p>
   </div>
   <div class='ocr_carea' id='block_1_11' title="bbox 0 0 2409 6400">
    <p class='ocr_par' dir='ltr' id='par_1_29' title="bbox 0 0 2409 6400">
     <span class='ocr_line' id='line_1_53' title="bbox 0 0 2409 6400; baseline 0 0"><span class='ocrx_word' id='word_1_527' title='bbox 0 0 2409 6400; x_wconf 95' lang='lat' dir='ltr'><strong> </strong></span> 
     </span>
    </p>
   </div>
  </div>
 </body>
</html>
