4800 6400
506 715 555 768 ua
572 717 730 769 emanue
746 719 1053 774 usvicvasaroavu
1196 727 1259 790 757
1647 728 1733 795 xm
1756 736 1775 796 5
1798 733 1903 799 33-ss
1927 735 1947 797 3

508 892 588 944 extra
612 890 725 957 modum
753 890 966 946 centesimarum
993 892 1160 949 diametrum
1187 894 1345 960 incidisset,
1367 895 1441 953 intra
1463 897 1586 969 quinque
1608 899 1679 965 dies,
1706 920 1740 958 ex
1758 922 1813 973 quo
1833 905 1947 962 Portum

508 975 676 1031 venerabilis
701 976 778 1031 urbis
804 980 877 1034 esset
903 976 1055 1049 ingressus,
1079 979 1217 1036 adhibitis
1239 981 1329 1038 tribus
1354 981 1519 1039 inlustribus
1542 984 1739 1046 viris’urbana
1762 991 1947 1060 praefectura,

508 1066 654 1135 praesente
673 1081 783 1133 quoqne
801 1065 953 1122 annonario
971 1066 1122 1138 cognitore,
1140 1068 1209 1138 quid
1226 1068 1365 1125 evenisset
1379 1070 1549 1138 detrimenti,
1562 1072 1715 1145 inquireret
1732 1080 1763 1132 et
1779 1077 1947 1149 quicumque

508 1153 536 1208 in
559 1153 614 1208 hac
636 1153 733 1208 fraude
757 1152 856 1208 fuisset
878 1152 1020 1218 inventus,
1039 1154 1090 1209 sub
1109 1154 1214 1226 elogio,
1232 1154 1365 1211 adiuncto
1391 1155 1490 1214 idoneo
1512 1162 1672 1225 executore,
1690 1180 1753 1218 mox
1771 1164 1808 1219 ad
1824 1163 1949 1220 Africam

507 1239 599 1309 adque
625 1239 662 1294 ad
680 1237 753 1309 v(iri)
779 1238 949 1308 c(larissimi)
977 1239 1155 1310 p(rae)l(eetit
1183 1242 1332 1311 aemonae)
1357 1241 1492 1298 iudicium
1519 1245 1713 1314 deduceretur,
1740 1249 1881 1306 soluturus
1907 1251 1947 1306 in-
1986 1267 1998 1306 s

474 1325 487 1379 l
506 1325 614 1384 stantia
630 1325 785 1391 memorati,
803 1325 939 1397 quidquid
957 1325 1058 1382 debere
1075 1325 1162 1382 fuerit
1179 1327 1374 1397 deprehensus
1480 1329 1541 1386 Hac
1563 1329 1661 1402 itaque
1684 1333 1747 1406 lege
1765 1335 1945 1404 decemimus,

507 1418 553 1479 nt,
577 1413 602 1468 si
624 1413 698 1469 ultra
721 1412 794 1469 diem
816 1412 993 1484 praefinitum
1017 1411 1176 1482 permiserit
1197 1411 1402 1469 navicularium
1419 1416 1568 1485 protelari,
1586 1417 1710 1489 quinque
1731 1420 1820 1478 libras
1837 1423 1900 1479 auri
1918 1443 1947 1481 se

506 1501 598 1571 adque
615 1500 739 1557 officium
756 1518 835 1555 suum
853 1498 927 1554 sciat
948 1499 1056 1555 aerario
1079 1503 1173 1554 nostro
1195 1499 1296 1557 debere
1320 1499 1428 1556 inferre.
1463 1503 1679 1573 Apparitionem
1696 1523 1806 1577 quoque
1823 1487 1948 1579 praefec-

507 1590 586 1644 turae
604 1587 727 1642 urbanae
744 1587 836 1642 multa
853 1585 939 1640 trium
957 1586 1092 1641 librarum
1110 1585 1171 1641 suri
1189 1585 1342 1642 feriendam
1360 1605 1419 1643 esse
1437 1589 1601 1646 censuimus.
1637 1592 1844 1663 P(rae)l(ectus)
1863 1613 1946 1652 anno·

506 1693 559 1732 nae
585 1676 655 1730 duas
680 1673 767 1729 libras
793 1672 855 1729 auri
881 1672 967 1728 sacris
989 1672 1188 1744 largitionibus
1209 1672 1310 1730 inferre
1334 1678 1463 1746 cogetur,
1485 1675 1540 1732 uisi
1563 1675 1623 1732 eius
1640 1678 1791 1750 praecipue
1808 1679 1945 1739 instantia
1973 1700 1997 1740 io

506 1761 581 1817 intra
605 1759 679 1816 diem
705 1759 889 1816 coustitutum
914 1757 999 1815 fuerit
1025 1758 1185 1814 adcelerate
1211 1758 1343 1832 cognitio.
1385 1760 1551 1818 Huiusmodi
1575 1762 1664 1836 igitur
1688 1764 1834 1834 inquisitio
1859 1766 1946 1824 etiam

506 1846 605 1903 diebus
622 1846 731 1903 seriatis
747 1851 777 1903 et
795 1844 974 1902 devotionum
992 1845 1097 1915 absque
1114 1845 1175 1900 ulls
1191 1845 1386 1903 observatione
1404 1849 1565 1921 peragenda
1582 1854 1633 1907 est.
1668 1868 1730 1907 oar.
1748 1868 1787 1907 xv
1804 1869 1868 1909 nu
1887 1870 1943 1910 oon.

505 1935 675 2004 nidmu)
691 1949 857 1989 conessumo
874 1949 908 1986 rr
924 1948 1079 1988 cousrffla
1095 1948 1184 1986 conss

598 2112 621 2162 V

505 2233 522 2286 6
539 2235 730 2301 doprnebeusus
744 2233 769 2283 V
823 2231 839 2282 'l
857 2233 1019 2300 praefinitum
1037 2194 1072 2284 in¹
1083 2232 1163 2282 lituro
1180 2248 1198 2281 a
1250 2232 1378 2284 adicem
1394 2249 1447 2287 eoos
1464 2251 1496 2286 sa
1512 2235 1708 2301 interpolatione
1806 2235 1883 2304 13113
1900 2249 1947 2293 aut

504 2321 585 2355 arma
601 2303 692 2368 prim
712 2301 741 2367 V,
757 2304 868 2369 sortem
891 2303 1052 2368 praefinitum
1073 2300 1198 2369 p(rneleo·
1250 2301 1292 2354 bie
1306 2302 1361 2355 dier
1373 2303 1512 2355 mutandae
1529 2312 1628 2358 uteret
1644 2306 1712 2360 altor
1728 2307 1754 2374 u,
1765 2305 1836 2375 24st

504 2373 558 2438 tus)
575 2371 657 2438 uirbi)
725 2372 838 2439 datque
860 2372 973 2423 officinm
996 2387 1072 2423 suum
1097 2370 1199 2422 uidetur

786 2669 847 2743 Vl.
883 2668 944 2742 DE
970 2666 1192 2741 PRAEDllS
1217 2665 1664 2746 NAVICVLARIORVM.
1707 2671 1709 2675 ‘

962 2801 991 2854 ui
1008 2800 1070 2853 odd
1086 2799 1132 2854 7¹.
1151 2827 1185 2839 -
1203 2800 1267 2852 Ian.
1282 2799 1321 2868 11,
1334 2799 1359 2854 3.

390 2871 488 2939 11,o,1
508 2872 570 2941 (326
588 2870 649 2927 Oct.
661 2870 714 2939 28).

589 2991 646 3030 mr.
668 2989 871 3029 oossrnnrnvvs
897 2989 923 3026 n.
946 2988 986 3026 nn
1012 2986 1154 3026 usuam
1179 2986 1432 3025 ramommoavrr.
1476 2970 1669 3029 Alienationes
1695 2973 1898 3044 possessionum
1924 2994 1942 3032 a

503 3060 684 3118 naviculariis
710 3061 802 3116 motas
829 3056 955 3131 fugiendi
981 3055 1103 3112 muneris
1129 3055 1223 3128 gratia
1249 3055 1442 3127 praeiudicare
1469 3056 1548 3113 vobis
1573 3076 1629 3115 non
1654 3059 1779 3116 sinimus.
1821 3061 1941 3132 Ideoque

503 3149 639 3214 volumus,
657 3151 691 3205 ut
707 3150 914 3217 comparatores
931 3162 1016 3217 sopra
1033 3143 1202 3200 scribtamm
1222 3143 1427 3215 possessionum
1449 3143 1632 3217 interpellato
1654 3148 1840 3219 preeundo)
1858 3166 1941 3207 auno

501 3255 556 3294 nae
573 3237 609 3292 ad
627 3236 657 3291 id
675 3234 839 3304 obsequium
857 3232 1065 3303 conpellantur,
1084 3230 1130 3286 cui
1147 3249 1177 3286 se
1194 3230 1328 3287 obnoxios
1350 3248 1409 3288 esse
1430 3232 1563 3290 fecerunt.
1599 3251 1661 3289 aar.
1680 3252 1698 3287 v
1715 3251 1780 3291 m.
1797 3252 1861 3291 nov.
1879 3253 1941 3291 eor·

502 3338 635 3377 srurnvo
654 3340 681 3376 a.
698 3337 740 3375 vn
756 3338 789 3375 rr
806 3336 972 3375 oonmsrrro
989 3336 1062 3374 em
1080 3334 1168 3374 corsa
1980 3344 1992 3383 ς

595 3498 617 3548 V

502 3615 517 3668 l
536 3618 697 3670 coustantius
710 3617 735 3668 V
798 3615 815 3668 4
832 3617 864 3669 nd
881 3615 918 3686 id]
936 3617 990 3670 adit
1005 3616 1030 3667 V

390 3818 421 3884 11,
433 3819 488 3886 aa
506 3821 569 3892 (sss
587 3824 644 3879 nn.
658 3824 708 3893 in

585 3945 661 3982 surr.
686 3929 926 3998 vadarrmbvvs
943 3945 975 3984 rr
992 3946 1098 3984 vannus
1119 3946 1166 3984 ni.
1184 3945 1224 3983 nn
1240 3944 1413 3983 emaum
1430 3928 1628 3999 dalmtun)
1645 3929 1738 3999 v(ns1).
1773 3947 1838 3985 rosv
1863 3948 1941 3987 nam:

499 4015 676 4071 Patrimonia
698 4015 944 4081 naviculariorum,
967 4032 1040 4085 quae
1063 4015 1191 4085 quolibet
1213 4033 1315 4086 genere
1333 4015 1362 4069 in
1379 4018 1572 4070 exbaneoruru
1594 4014 1719 4071 dominia
1740 4015 1939 4088 demigrarunt,

498 4101 528 4157 in
546 4100 669 4172 corporis
686 4102 730 4157 sui
747 4100 791 4156 ius
809 4100 1067 4172 proprietatemque
1085 4106 1215 4157 remeent.
1251 4119 1313 4156 aar.
1336 4119 1370 4156 111
1386 4119 1423 4156 m.
1442 4118 1498 4157 rvr.
1517 4101 1695 4171 undenario)
1713 4103 1939 4173 varimvmmro

498 4206 531 4243 rr
548 4205 672 4244 vanam
689 4206 736 4243 aa.
754 4205 843 4243 eorss.

591 4367 614 4417 V

497 4488 515 4542 3
531 4486 596 4556 iun]
615 4506 664 4541 scr.
683 4490 735 4541 inu.
753 4488 790 4540 od
806 4489 920 4540 iunctum

390 4697 487 4764 11,6,3
504 4695 585 4764 (3681
604 4696 677 4752 3701
694 4695 767 4751 3731
786 4695 837 4750 Iul.
848 4693 902 4759 31).

584 4819 651 4856 mn
668 4818 716 4855 aa,
734 4817 772 4854 au
788 4815 939 4853 averem
957 4798 1113 4867 mestum)
1130 4797 1279 4865 armeus).
1315 4795 1454 4852 Adversus
1465 4794 1633 4867 petitionem
1649 4795 1886 4853 naviculariorum
1905 4797 1939 4853 de

497 4904 547 4942 sno
565 4885 625 4944 iure
649 4885 818 4943 certantium
842 4884 965 4955 spatium
982 4901 1037 4939 non
1058 4882 1234 4955 praescribat
1252 4900 1398 4947 annorum,
1415 4882 1501 4938 etiam
1520 4880 1578 4937 illis
1595 4881 1800 4939 adsertionibus
1816 4882 1938 4949 remotis,

497 4972 599 5044 quibus
617 4973 743 5028 nonnulli
762 4973 958 5043 amplexantur
975 4989 1048 5041 quae
1065 4970 1193 5025 divorum
1211 4968 1370 5041 principum
1394 4968 1537 5024 consecuti
1557 4969 1635 5026 fuere
1658 4966 1801 5040 permissu.
1837 4967 1891 5024 Sed
1909 4970 1940 5024 et

409 5055 411 5057 ’
497 5059 521 5114 si
545 5063 588 5115 est
611 5059 764 5129 quidquam
781 5056 955 5114 naviculario
978 5057 1033 5112 iuri
1055 5056 1213 5121 obnoxium,
1240 5055 1315 5126 quod
1341 5056 1438 5111 domus
1458 5057 1570 5111 nonnae
1595 5055 1799 5126 proprietatem
1816 5058 1937 5127 spectat,

496 5146 616 5203 tolerare
641 5145 829 5217 praecipimus
851 5143 1040 5201 naviculariae
1061 5142 1226 5199 functiones.
1269 5158 1599 5197 mamerano.
1623 5142 1937 5207 vnsmomvsvsrtau·
1976 5159 1989 5200 s

496 5236 620 5301 umbro
638 5250 671 5287 sr
688 5233 833 5301 viduans)
852 5249 899 5286 an.
916 5249 1005 5288 coras.

589 5408 612 5458 V

497 5530 512 5585 l
530 5531 681 5584 mnsufilum
697 5529 720 5580 V
785 5528 828 5597 516
847 5548 871 5581 n
887 5533 934 5584 365
951 5531 1064 5583 occludit
1081 5531 1151 5582 locas
