4800 6400
517 751 788 817 fimum-u
1207 754 1270 815 wa
1780 755 1973 809 mmmm

517 943 562 981 sos
577 928 608 982 et
625 924 654 980 in
671 923 768 980 noxios
784 923 901 994 proferri
914 922 982 979 iuris
996 922 1171 980 sententiam.
1208 939 1269 977 nir.
1296 941 1332 977 in.
1357 940 1448 978 coroa
1466 940 1633 980 musarum
1649 941 1678 981 a.
1695 941 1742 981 nu
1760 942 1796 982 ιτ
1812 942 1972 983 comam

516 1031 539 1067 c.
557 1028 645 1068 corsa

544 1192 549 1205 '
609 1188 637 1239 V.
656 1215 689 1226 -
707 1188 793 1240 1vsT.
805 1185 831 1249 9,
844 1183 885 1248 47,
900 1185 940 1239 18.

517 1306 560 1375 112
577 1315 712 1361 constante
730 1305 754 1375 d]
769 1308 806 1360 aio
820 1308 888 1368 Vni
903 1315 940 1359 est
956 1325 981 1358 a.
994 1310 1057 1372 346,
1082 1324 1130 1359 scr.
1148 1308 1214 1359 Con·
1267 1324 1316 1358 scr.
1335 1308 1484 1360 &neuntio
1502 1308 1533 1360 A.
1552 1309 1575 1359 V
1592 1312 1619 1362 et
1635 1309 1781 1363 musanus
1798 1309 1832 1363 G.

517 1379 611 1431 stantio
623 1379 656 1430 Δ.
665 1379 717 1430 ΙΠΙ
729 1384 755 1430 et
772 1379 912 1431 comtante
924 1379 954 1428 L
966 1379 1012 1440 111,
1034 1377 1103 1429 siut
1120 1394 1146 1428 o.
1158 1380 1214 1440 362,

364 1576 741 1651 mumomuma

607 1702 681 1741 mer.
700 1686 945 1754 nummulum
968 1704 1000 1741 m
1019 1703 1124 1743 vrum
1141 1705 1189 1743 ra
1212 1704 1251 1741 sn
1275 1703 1448 1742 sunnonem
1470 1687 1669 1759 elnam)
1688 1686 1784 1758 dnae).
1821 1687 1971 1747 basiorum

520 1771 666 1828 criminum
684 1790 745 1829 reos
764 1771 903 1829 excellens
920 1771 1076 1829 auctoritas
1093 1778 1144 1829 tua
1162 1772 1290 1844 pistrinis
1306 1771 1417 1830 iubebit
1434 1774 1530 1846 legum
1547 1772 1692 1844 aequitate
1705 1776 1825 1832 servata
1834 1773 1972 1841 damnni,

519 1858 643 1914 subhac
661 1857 795 1914 videlicet
812 1857 999 1922 observantia,
1017 1864 1050 1915 ut
1068 1861 1119 1915 sub
1138 1858 1285 1916 obtutibus
1303 1858 1360 1915 tuis
1377 1877 1486 1931 semper
1508 1858 1662 1930 pistoribus
1686 1859 1910 1933 praecipitatu
1926 1861 1973 1919 ad·

519 1944 633 2018 signari,
651 1962 694 2010 ne,
713 1945 779 2000 dum
798 1945 908 2001 occulte
927 1963 977 2015 per
988 1945 1171 2014 nequissimos
1183 1944 1446 2002 commentarienses
1454 1946 1611 2012 traduntur,
1624 1944 1719 2018 gretia
1731 1946 1846 2004 venalis
1858 1947 1972 2007 existat

520 2051 582 2088 nra.
601 2051 619 2088 v
636 2049 673 2088 m.
691 2049 749 2086 ivn.
767 2048 864 2086 samso
881 2049 948 2087 ruvo
965 2050 1081 2088 somno
1098 2049 1130 2088 ar
1149 2050 1328 2089 vrasomauo
1345 2050 1434 2088 conss.

612 2208 638 2259 V

519 2326 537 2381 5
554 2327 583 2396 u]
601 2346 650 2381 aer.
668 2330 695 2382 ui
708 2337 818 2396 propter·
835 2330 936 2381 iunctae

364 2532 760 2604 wummmnmu

604 2652 671 2692 mu
689 2655 737 2692 ru.
756 2652 884 2692 ranno.
920 2636 1029 2706 Omnes,
1053 2635 1103 2706 qui
1125 2636 1155 2692 in
1172 2636 1325 2693 levioribus
1343 2637 1506 2694 criminibus
1524 2637 1565 2695 rei
1583 2639 1765 2710 detegrmtur,
1783 2637 1972 2710 pistrinorum

519 2724 654 2782 exercitio
672 2723 749 2780 urbis
765 2723 871 2780 Romae
889 2722 1021 2780 damnare
1045 2722 1175 2789 debebis,
1199 2723 1242 2780 ita
1264 2728 1297 2780 ut
1318 2724 1492 2781 transmissio
1511 2743 1605 2781 eorum
1628 2725 1664 2781 ad
1687 2723 1813 2781 officium
1831 2724 1973 2798 praefacti

519 2829 644 2868 annonae
667 2810 725 2867 sine
750 2809 847 2879 aliqua
871 2808 1102 2882 tergiversatione
1126 2810 1289 2867 celebretur.
1330 2829 1392 2867 nur.
1416 2829 1449 2866 111
1470 2829 1506 2867 m.
1525 2829 1582 2867 ινιτ.
1602 2829 1698 2869 russo
1716 2829 1783 2869 urvo
1801 2829 1923 2871 romu
1940 2832 1973 2871 ar

520 2916 700 2954 veaaomruo
717 2914 805 2952 corsa.

614 3074 639 3124 V

524 3194 537 3247 l
556 3195 680 3248 arthemio
695 3194 724 3245 V:
741 3201 870 3247 comem
888 3192 1022 3246 muas
1038 3202 1062 3246 el
1078 3191 1242 3244 Bmttiomm
1260 3189 1306 3260 (cs.
1319 3196 1344 3259 8,
1357 3196 1381 3258 3,
1396 3192 1421 3260 1)

367 3386 744 3458 wumumoaa

606 3509 673 3548 mu
690 3509 737 3545 rs.
757 3505 882 3544 sermo.
918 3487 1036 3542 Nullum
1054 3504 1087 3541 er
1105 3486 1158 3552 his,
1177 3505 1246 3557 quos
1265 3486 1392 3559 pistrinis
1415 3487 1539 3557 qualitas
1557 3487 1798 3546 condemnationis
1815 3488 1969 3556 addixerit,

521 3578 657 3650 inpertita
674 3576 775 3634 ceteris
792 3575 846 3632 reis
864 3574 1041 3647 indulgentia
1058 3574 1178 3631 relaxari
1198 3577 1317 3645 oportet,
1337 3574 1390 3629 nisi
1408 3574 1512 3645 aliquis
1529 3574 1653 3646 speciale
1672 3574 1834 3633 serenitatis
1852 3581 1965 3633 nostrae

520 3664 653 3723 meruerit
670 3667 812 3734 reportare
825 3659 998 3718 reseribtum.
1027 3678 1087 3717 arr.
1101 3679 1152 3717 vm
1162 3679 1197 3716 1n.
1209 3678 1300 3717 ooroa.
1314 3677 1412 3716 marro
1424 3677 1490 3716 aruo
1503 3678 1618 3717 romuo
1638 3679 1671 3716 ιτ
1683 3679 1867 3718 veaaoreuuo
1880 3679 1969 3719 com

615 3841 639 3889 V

524 3963 538 4016 l
556 3963 681 4016 arthemio
698 3961 730 4012 V.-
748 3969 875 4013 corrector
893 3959 1026 4011 laccorum
1044 3968 1067 4011 el
1085 3959 1247 4010 Brulh'oram
1263 3958 1310 4024 (cf.
1323 3963 1348 4022 8,
1359 3962 1383 4023 3,
1399 3959 1422 4023 1)

370 4169 759 4242 wumfflmamu

610 4290 674 4326 marc
693 4290 739 4325 aa.
760 4289 796 4325 un
814 4287 985 4324 smncnvu
1006 4271 1202 4335 irinuaracrvu)
1223 4271 1317 4338 v(aa1).
1355 4267 1527 4336 Quicumque
1548 4265 1722 4322 Christianus
1741 4264 1779 4319 sit
1797 4263 1828 4319 in
1842 4265 1969 4335 quolibet

525 4358 640 4415 crimine
664 4358 859 4428 deprehensus.
885 4357 950 4410 ludo
973 4374 1027 4410 uon
1050 4355 1234 4410 adiudicatum
1278 4356 1357 4418 Quod
1381 4354 1404 4409 si
1424 4354 1571 4422 quisquam
1591 4351 1715 4407 iudicum
1729 4349 1844 4414 fecerit,
1862 4356 1894 4407 et
1911 4351 1969 4423 ipse

523 4443 648 4517 graviter
665 4444 810 4499 notabitur
828 4445 857 4498 et
875 4441 996 4497 officium
1014 4441 1073 4497 cius
1093 4443 1197 4496 multa-e
1222 4441 1358 4497 maximae
1382 4440 1547 4497 subiacebit.
1585 4457 1645 4494 ner.
1664 4454 1735 4492 xum
1760 4452 1825 4491 uua.
1845 4454 1904 4492 raa.
1923 4457 1968 4494 va·

525 4533 712 4599 alnurmmuo
731 4547 763 4584 ar
781 4546 904 4584 vanam
922 4547 968 4583 rr.
987 4545 1075 4583 conss.

618 4708 641 4756 V

372 4883 543 4949 v1111,40,9
563 4881 643 4947 (368?
662 4879 732 4933 370?
752 4880 817 4947 Apr.
833 4880 880 4945 ll).

611 5000 676 5038 meu
704 5001 750 5037 rr.
778 5000 816 5036 un
843 4997 982 5036 oarnarvu
1010 4983 1206 5050 maternorum)
1230 4980 1321 5047 usar).
1363 4979 1406 5032 Nc
1429 4978 1492 5047 quis
1515 4996 1565 5049 pro
1594 4978 1784 5035 cohercitione
1807 4979 1907 5038 delicti
1926 4981 1966 5037 vel

525 5070 677 5141 pistoribus
700 5069 743 5124 rel
767 5069 931 5138 cuicumque
955 5066 1036 5123 alteri
1057 5066 1173 5137 corpori,
1200 5085 1262 5121 cum
1287 5065 1403 5121 alterius
1425 5066 1463 5120 sit
1486 5064 1623 5135 corporis,
1643 5065 1804 5130 addicatur;
1822 5066 1873 5123 aed
1890 5085 1967 5123 unua·

525 5158 641 5225 quisque
664 5176 714 5227 pro
741 5154 863 5219 crimine,
891 5154 919 5208 in
943 5171 997 5222 quo
1019 5151 1104 5207 luerit
1127 5151 1326 5221 deprehensus,
1350 5154 1457 5205 motum
1485 5167 1623 5222 congruae
1650 5150 1812 5207 severitatis
1838 5150 1966 5224 excipiat

525 5261 586 5297 nar.
606 5262 636 5296 ru
655 5261 691 5296 ru.
712 5260 799 5297 reaia.
815 5243 1041 5308 vrn(nur1u1)nuo
1054 5257 1085 5293 ar
1104 5255 1226 5294 umus
1244 5256 1291 5292 eu.
1309 5254 1397 5292 cortes.

618 5413 947 5480 a-wmamm

526 5539 540 5592 l
559 5540 636 5606 impp.
656 5538 790 5605 gratianus
808 5546 833 5589 ot
851 5535 1043 5590 ualentinianus
1060 5552 1098 5587 aa
1111 5535 1177 5588 lael.
1246 5532 1264 5588 3
1281 5533 1473 5605 excipiens«.
