4800 6400
508 754 555 807 na
572 755 739 812 cenamus
755 761 910 816 nvsmcis
1202 769 1264 834 807
1695 774 1761 841 XV
1786 782 1800 842 1
1826 780 1953 846 25-28

398 920 716 1000 nmfflmm

593 1048 687 1088 mm.
705 1036 958 1107 ulammaus,
981 1042 1171 1110 ruson(os1vs)
1195 1058 1228 1095 an
1250 1045 1409 1110 uncinum)
1432 1063 1498 1100 san.
1517 1064 1639 1105 raoovso
1657 1051 1834 1123 almannum)
1852 1057 1952 1126 mnam)

507 1129 898 1197 mussammopmmsm).
917 1126 1011 1195 Turpe
1020 1130 1065 1182 est
1073 1126 1182 1196 publici
1190 1128 1346 1197 splendoris
1354 1134 1483 1186 ornatum
1492 1133 1668 1202 privatarum
1676 1138 1787 1194 aedium
1797 1141 1954 1201 adiectione

506 1216 651 1287 conrumpi
676 1217 706 1269 et
729 1230 775 1278 ea,
801 1231 874 1282 quae
898 1211 1065 1282 conspicuae
1092 1213 1169 1267 urbis
1196 1214 1289 1271 decori
1316 1217 1362 1272 vel
1386 1217 1474 1272 nostri
1498 1222 1632 1291 temporis
1655 1225 1700 1279 vel
1722 1225 1823 1295 prioris
1844 1230 1951 1285 saeculi

504 1303 600 1357 aetate
627 1302 785 1364 creverunt,
813 1298 953 1355 aviditate
976 1299 1117 1369 cogendae
1141 1301 1277 1370 pecuniae
1306 1301 1415 1358 sociari.
1456 1304 1535 1361 Unde
1557 1308 1686 1363 sublimis
1708 1311 1862 1369 eminentia
1889 1319 1948 1382 tua,

504 1386 642 1457 quidquid
665 1385 734 1441 talis
755 1386 878 1441 astutiae
900 1385 1116 1455 deprehenderit
1137 1386 1235 1443 fraude
1259 1388 1407 1454 violatum,
1432 1389 1469 1455 id,
1492 1391 1516 1445 si
1538 1393 1660 1463 publicis
1682 1396 1821 1454 nitoribus
1847 1401 1949 1457 faciem
1986 1411 1999 1451 o

505 1475 636 1544 aspectus
660 1471 806 1526 deterioris
829 1470 951 1537 inducit,
973 1473 1032 1528 sive
1057 1473 1129 1529 illud
1152 1474 1308 1530 voluntaria
1336 1478 1564 1549 praesumptione
1582 1485 1749 1538 muneratum
1768 1487 1888 1544 estsine
1906 1507 1951 1545 ex·

506 1577 630 1631 pressam
649 1557 755 1614 coactis
773 1558 1004 1614 adnotationibus
1022 1560 1196 1615 occasionem
1215 1561 1321 1616 fraudis
1343 1562 1480 1630 obtinuit,
1502 1566 1613 1623 iubebit
1630 1570 1761 1625 amoveri.
1798 1572 1858 1628 'l'uo
1876 1575 1951 1630 enim

505 1644 623 1701 arbitrio
645 1643 840 1713 relinquimus,
863 1663 881 1700 a
902 1645 1005 1714 quibus
1028 1647 1241 1715 temperandum
1265 1665 1373 1717 quaeve
1397 1650 1533 1707 diruenda
1557 1652 1702 1709 diiudices.
1737 1674 1799 1713 oua.
1818 1675 1869 1715 xm
1886 1677 1950 1717 m.

504 1749 568 1789 avo.
587 1731 701 1801 acidus)
718 1748 829 1787 mmo
846 1748 879 1785 sn
897 1748 1021 1786 morrono
1038 1749 1127 1787 conss.

597 1907 623 1958 V

504 2026 643 2097 isoeisri]
662 2031 774 2083 sanciam
793 2029 926 2081 Beiness'ue
1029 2026 1202 2083 bastatutiae
1254 2031 1370 2084 tinuitV
1437 2031 1634 2088 8dnriendeV

505 2100 717 2168 depraehenderit
731 2099 756 2150 V
821 2095 960 2164 'lsraudisl
979 2115 1027 2150 sor.
1040 2100 1112 2151 fraus
1155 2100 1201 2152 ab·

398 2266 710 2341 mmmmm

588 2391 655 2430 inu
677 2393 744 2430 sun.
766 2390 883 2429 sonmo
906 2374 1080 2443 malumno)
1105 2375 1276 2444 mnmomlo
1298 2392 1416 2432 numos
1439 2394 1472 2431 ss
1495 2393 1612 2433 manus
1660 2376 1795 2442 Quotiens
1818 2380 1950 2438 clariores

502 2463 586 2520 urbes
604 2480 655 2532 per
671 2462 798 2533 singulas
815 2478 940 2530 quasque
959 2460 1118 2529 provincias
1134 2461 1264 2532 expensis
1276 2463 1398 2533 propriis
1412 2466 1441 2519 et
1455 2463 1643 2535 vectigalibus
1654 2464 1788 2522 maiorem
1802 2467 1951 2537 pecuniam

503 2548 669 2605 absolvendi
687 2547 840 2604 cuiuslibet
859 2546 951 2616 operis
969 2545 1136 2603 necessitate
1155 2547 1321 2618 deposcunt,
1339 2548 1369 2602 id
1386 2567 1419 2604 ex
1437 2548 1574 2604 minorum
1593 2549 1699 2606 viribus
1718 2551 1889 2618 vindicetur,
1908 2553 1952 2610 ita

503 2639 608 2693 utnon
626 2640 692 2691 aute
711 2639 851 2706 poscatur,
870 2651 954 2702 quam
972 2631 1060 2688 omnis
1082 2651 1201 2698 summa,
1224 2651 1297 2703 quae
1319 2633 1408 2690 isdem
1429 2653 1463 2691 ex
1487 2634 1545 2690 suis
1568 2636 1731 2707 conpendiis
1752 2639 1850 2708 quaeri
1868 2642 1949 2706 solet,

503 2720 693 2778 instaurandis
709 2720 827 2776 aedibus
844 2720 1015 2775 adsumatur.
1052 2718 1229 2788 Consequens
1247 2738 1311 2776 vero
1329 2721 1390 2787 erit,
1408 2721 1487 2777 utin
1505 2722 1637 2778 notitiam
1649 2725 1810 2781 serenitatis
1826 2730 1946 2792 nostrae,
1986 2744 1998 2784 s

502 2808 631 2879 quotiens
658 2807 760 2863 habita
781 2805 867 2863 luerit
893 2807 964 2862 haec
994 2805 1177 2878 vectigalium
1204 2807 1359 2878 usurpatio,
1386 2807 1536 2880 dirigatur,
1563 2812 1700 2878 quantum
1722 2810 1809 2868 fuerit
1835 2813 1948 2869 aliunde

501 2897 726 2967 praesumptum,
744 2910 795 2963 per
817 2911 887 2963 quos
911 2910 1077 2964 expensum,
1095 2897 1235 2961 qnatenus
1253 2897 1481 2950 consummatum.
1517 2912 1579 2950 nan.
1597 2912 1659 2952 xvn
1678 2913 1743 2954 ni.
1766 2915 1824 2953 m.
1842 2901 1948 2967 mbo·

501 2984 585 3051 mo)
604 2982 831 3051 mammo
849 2997 876 3035 u.
893 2996 937 3034 nn
954 2996 987 3033 sc
1005 2994 1137 3034 uncumo
1154 2995 1244 3035 conss.

594 3156 618 3207 V

501 3278 608 3334 daubis
625 3278 650 3328 V
700 3285 727 3331 et
743 3277 794 3330 det
845 3275 955 3329 tomus
971 3275 997 3326 V
1043 3276 1182 3329 hisdemV
1230 3276 1401 3344 ddirigatnr]
1421 3276 1507 3344 Seeck,
1527 3278 1652 3332 dirinetur
1668 3279 1693 3329 V
1747 3280 1951 3337 bneotherioV

398 3456 443 3522 ,1,
456 3456 491 3512 27
510 3452 572 3523 (390
589 3454 657 3524 Aps.
670 3453 708 3522 4).

587 3574 654 3612 mars
671 3574 739 3610 aas.
757 3570 858 3609 arsuro
876 3554 1052 3621 minuero)
1069 3553 1170 3623 vticam)
1188 3553 1311 3622 Βοιὼ).
1346 3552 1492 3624 Augustae
1514 3552 1544 3608 in
1567 3553 1696 3624 partibus
1714 3555 1841 3614 civitatis
1858 3560 1950 3633 magis

500 3642 620 3714 antiqua
637 3641 717 3699 reddi
734 3638 866 3697 convenit
883 3657 969 3710 quam
986 3637 1114 3694 inchoari
1130 3655 1312 3709 supervacua.
1347 3638 1436 3695 Nosse
1457 3639 1554 3710 itaque
1572 3658 1625 3712 par
1642 3645 1687 3698 est
1704 3642 1826 3699 officium
1842 3647 1950 3718 magui·

500 3730 607 3787 tudinis
625 3732 691 3785 tuae
709 3731 739 3784 et
759 3732 873 3791 ceteros,
892 3744 910 3781 a
928 3725 1030 3796 quibus
1051 3728 1180 3796 sumptus
1202 3724 1362 3781 huiusmodi
1384 3725 1516 3796 operibns
1538 3727 1573 3783 de
1598 3727 1707 3783 aerario
1729 3731 1947 3804 praebebuntur,

500 3820 618 3887 accepto
636 3813 748 3871 omnino
770 3832 825 3869 non
847 3813 920 3879 ferri,
944 3812 969 3867 si
992 3812 1054 3881 quis
1076 3830 1127 3883 per
1147 3811 1361 3883 usurpationem
1385 3830 1455 3882 opus
1477 3816 1590 3883 praeter
1608 3814 1808 3872 conscientiam
1823 3823 1948 3875 nostram

499 3904 576 3960 iutra
592 3906 736 3961 aeternam
753 3901 850 3956 urbem
869 3899 990 3955 voluerit
1008 3898 1123 3968 publica
1141 3898 1301 3955 conlatione
1319 3903 1486 3955 construere.
1521 3899 1642 3969 ideoque
1666 3919 1802 3957 summam
1825 3921 1943 3971 omnem,
1984 3918 1996 3958 o

500 4007 572 4060 quae
590 3988 635 4043 illi
653 3991 751 4044 eontra
768 3985 949 4043 interdictum
962 3987 1034 4041 forte
1050 3985 1240 4056 praebebitur,
1253 3985 1374 4055 pecunia
1391 4003 1442 4041 sua
1454 3990 1483 4041 et
1495 3986 1617 4057 propriis
1634 3987 1819 4044 facultatibus
1836 3994 1948 4061 pendet,

499 4080 676 4147 sequestrata
701 4073 932 4131 condemnatione
955 4073 1092 4128 librarum
1115 4071 1177 4128 anri
1200 4073 1309 4136 decem,
1332 4090 1405 4142 quae
1428 4074 1536 4142 plectet
1558 4074 1725 4145 sacrilegam
1745 4079 1948 4135 contemnentis

499 4162 655 4220 audaciam.
690 4179 753 4217 nur.
773 4178 846 4215 ram.
865 4177 929 4215 aon.
949 4177 1038 4215 amm
1057 4161 1236 4228 mpomo)
1254 4176 1459 4215 summisso
1477 4177 1503 4214 u.
1522 4177 1566 4214 m1
1583 4178 1616 4215 ιη
1633 4178 1765 4218 nonnam
1783 4180 1871 4220 conss.

593 4358 618 4407 V

500 4477 585 4545 tque
601 4478 626 4529 V
673 4476 776 4547 pendet]
796 4476 938 4542 repetitor
956 4477 1077 4544 rependet
1146 4473 1303 4542 'lplecotV
1369 4474 1534 4529 8neotherio
1550 4476 1576 4527 V

396 4654 442 4723 ,1,
454 4654 489 4709 28
507 4652 570 4721 (390
587 4653 653 4722 Apr.
665 4652 702 4720 l).

584 4774 650 4812 ms!
669 4753 1396 4822 m.1>onmor(ausrno·ro)u(naa¹ros1)omusu101
1418 4769 1451 4806 rr
1474 4769 1591 4807 maman.
1627 4751 1657 4807 Si
1674 4752 1737 4822 quis
1755 4770 1857 4808 novum
1876 4771 1947 4824 opus

500 4842 529 4898 in
552 4842 681 4913 qualibet
703 4840 821 4896 civitate
843 4839 989 4895 sustollere
1014 4838 1148 4895 audacius
1170 4857 1256 4908 qnam
1281 4838 1435 4895 consultius
1456 4838 1601 4903 molietur,
1620 4839 1653 4894 de
1672 4838 1785 4909 proprio
1803 4858 1833 4896 se
1850 4841 1945 4895 conla-

499 4931 593 4983 turum
617 4928 744 4996 sumptus
769 4929 799 4981 et
821 4925 1011 4995 perfecturum
1033 4924 1108 4993 quod
1131 4923 1257 4994 coeperit
1279 4926 1384 4978 noscat.
1420 4922 1501 4978 Nihil
1525 4924 1630 4994 qnippe
1654 4925 1894 4996 dispensatoribus
1911 4944 1945 4983 ex

499 5014 553 5069 hoc
569 5031 621 5069 usu
640 5012 758 5068 feremus
775 5014 901 5081 accepto,
919 5014 948 5066 et
967 5013 1065 5066 contra
1082 5009 1205 5066 osticium
1228 5011 1319 5080 adque
1341 5010 1434 5080 ipsum
1456 5009 1577 5066 iudicem
1603 5012 1665 5067 auri
1683 5013 1775 5082 pondo
1793 5013 1865 5069 dena
1884 5031 1945 5068 con·

499 5100 653 5171 stringent,
671 5100 705 5153 ut
727 5098 828 5153 saltem
846 5100 932 5162 metu,
951 5098 1025 5166 quod
1042 5098 1134 5154 lacere
1152 5100 1252 5168 sponte
1271 5098 1436 5162 debuerant,
1459 5097 1614 5153 reficiendis
1633 5098 1832 5155 vetustioribus
1850 5100 1945 5170 inpeu·
1983 5125 1995 5165 5

499 5186 569 5241 dant
586 5186 719 5240 laborem.
756 5200 817 5238 niu.
836 5200 909 5239 uam.
929 5201 992 5239 uon.
1010 5201 1100 5239 asma.
1118 5185 1297 5251 antonino)
1316 5184 1543 5254 vastarumque
1564 5203 1591 5239 s.
1614 5202 1658 5240 1111
1675 5202 1708 5240 aa
1725 5203 1857 5241 mmm
1876 5192 1902 5243 i.
1920 5194 1943 5244 d.

498 5289 586 5327 conss.

591 5413 616 5464 V

501 5534 516 5588 1
535 5532 597 5604 ff]
615 5537 651 5603 p‘p
667 5534 691 5584 V
756 5534 774 5586 4
791 5533 979 5588 controllicium
994 5534 1030 5584 V¹
1100 5532 1117 5585 6
1134 5531 1183 5601 iiii]
1201 5534 1230 5586 iii
1243 5533 1269 5584 V
1314 5535 1446 5588 neotherio
1461 5534 1486 5585 V
