4800 6400
360 721 582 781 uomnmous
597 720 1037 776 musunsuuvuuunuav.
1146 722 1209 786 607
1612 715 1663 785 XI
1687 721 1727 786 19
1749 718 1898 787 4-203

454 891 604 950 memoriae
621 890 823 948 Valentiniano
841 891 998 948 constituta
1015 895 1088 957 suut,
1106 907 1190 961 quam
1209 889 1340 962 primitus
1357 907 1417 948 csse
1431 891 1575 947 servande.
1611 907 1749 948 usurum
1765 909 1829 950 uu.
1842 907 1899 948 rur.

454 980 634 1050 mpouso)
653 981 793 1050 noscano)
810 999 838 1038 s.
856 996 900 1036 mr
917 997 950 1036 rr
966 995 1142 1037 mommo
1159 994 1249 1033 conss.

548 1153 574 1205 V

506 1487 589 1563 XX.
623 1486 685 1560 DE
711 1485 1018 1562 CONLATIONE
1044 1485 1349 1562 DONATARVM
1374 1486 1467 1562 VEL
1494 1485 1857 1566 RELEVATARVM

998 1606 1287 1683 POSSESSION
1290 1608 1367 1684 VM.

711 1759 847 1796 mamm
863 1742 931 1795 aad
942 1743 1035 1812 fimat
1046 1742 1089 1796 lea
1105 1741 1179 1797 Bou.
1191 1742 1273 1812 Bury.
1287 1749 1310 1810 1,
1320 1745 1344 1798 3.
1357 1771 1391 1782 -
1409 1743 1473 1798 Iurt
1486 1741 1528 1810 10,
1539 1741 1586 1798 28:
1604 1743 1637 1799 de
1652 1760 1675 1800 o.
1690 1743 1843 1801 donatorum
1859 1747 1901 1800 rel

768 1830 939 1884 talentorum
957 1838 1005 1884 aut
1021 1829 1205 1885 uamlstorum
1222 1848 1269 1886 sau
1286 1831 1473 1886 aduenarum.

359 1895 433 1964 001
456 1894 520 1967 (000
537 1896 608 1952 Nou.
625 1895 675 1965 12).

544 2016 602 2056 m.
620 2017 751 2057 rumare
768 2020 796 2058 s.
814 2017 946 2057 sommo
964 2001 1135 2072 consitum)
1152 2017 1321 2057 umorum
1356 2000 1513 2057 Admodum
1531 2000 1612 2057 uobis
1630 2000 1741 2058 videtur
1752 2002 1903 2069 absurdum

459 2090 489 2145 et
507 2105 525 2144 a
541 2091 699 2144 nostrorum
716 2092 873 2160 temporum
896 2086 1107 2158 tranquillitate
1128 2087 1301 2155 submotum,
1324 2091 1357 2143 ut
1374 2086 1409 2154 ii,
1427 2087 1477 2158 qui
1495 2085 1707 2159 proscribticnis
1724 2093 1826 2146 sortem
1844 2107 1904 2161 per·

460 2174 595 2242 tulerunt,
614 2175 651 2231 ad
668 2174 828 2245 exemplum
845 2191 947 2241 comm,
965 2173 1014 2245 qui
1032 2175 1132 2230 fundos
1148 2175 1268 2231 donatos
1285 2192 1366 2231 sacra
1377 2173 1551 2230 liberalitate
1563 2177 1721 2241 tenuerunt,
1738 2173 1800 2231 auri
1818 2179 1903 2247 atque

459 2260 570 2332 urgenti
592 2260 747 2318 couletioui
769 2260 951 2318 redderentur
973 2260 1102 2329 obnoxii,
1128 2279 1201 2331 quae
1224 2261 1275 2317 sub
1300 2260 1383 2318 diuae
1405 2260 1554 2318 memoriae
1577 2258 1742 2317 Constantio
1760 2261 1904 2319 adscribta

460 2350 511 2414 est,
530 2364 594 2402 oum
610 2348 731 2403 multum
749 2346 861 2404 intersit
882 2346 956 2404 inter
981 2365 1062 2415 eum,
1089 2347 1139 2417 qui
1161 2346 1315 2419 principali
1336 2346 1529 2404 munificentia
1547 2346 1713 2418 perfruitur,
1730 2349 1761 2404 et
1777 2365 1836 2415 eos,
1855 2348 1905 2418 qui
1943 2357 1956 2396 t

460 2432 575 2505 propriu
586 2450 750 2506 recuperare
763 2435 931 2491 meruerunt
960 2450 1022 2490 nur.
1035 2449 1108 2491 reru.
1120 2450 1157 2490 ru.
1170 2450 1289 2490 noum.
1302 2450 1485 2490 mrsrsm
1496 2450 1610 2490 isauro
1621 2452 1648 2489 s.
1660 2450 1705 2490 uu
1717 2450 1749 2489 rr
1760 2451 1905 2491 unvano

460 2535 549 2575 consa

553 2697 579 2750 V

463 2816 477 2871 1
496 2819 601 2872 smne
618 2829 654 2873 ret
665 2820 772 2874 Iuliano
783 2819 917 2886 adscripto
935 2819 1160 2872 ammaum
1211 2816 1230 2870 4
1248 2817 1399 2887 conlatioui]
1410 2819 1596 2888 Gottofrcdur,
1611 2820 1801 2875 conlationibus
1817 2821 1843 2873 V

463 2890 659 2956 compilatorum
725 2888 797 2942 atii
808 2889 834 2940 V
892 2889 983 2957 3post
999 2889 1161 2957 pertulerunt
1213 2887 1341 2942 tacitast
1357 2891 1531 2958 Mopsuestia

461 2957 563 3011 uidetur
578 2959 702 3013 caedua
723 2960 848 3012 restitutis
865 2959 940 3012 bouis
957 2959 1082 3012 similium

352 3180 446 3243 ,200
540 3179 653 3236 trau

408 3226 416 3253 ’
462 3179 524 3251 (³⁸⁴
540 3181 1081 3356 misvinmmmsmmmsm.
1094 3302 1133 3341 su
1146 3285 1754 3357 nmrtmuu)r(asurucrvu)r(usnnou1)o.
1784 3286 1845 3353 llos,
1859 3286 1907 3357 qui

462 3387 520 3426 rem
539 3373 686 3442 paternam
709 3371 755 3426 vel
780 3390 858 3427 suam
882 3391 901 3428 e
922 3373 988 3428 fisco
1009 3390 1175 3443 recuperare
1197 3376 1371 3438 meruerunt,
1392 3390 1411 3427 u
1428 3372 1588 3429 conlatione
1605 3372 1667 3428 auri
1685 3376 1771 3442 atque
1790 3373 1909 3444 argenti,

463 3475 536 3527 quae
554 3457 698 3513 adscribta
716 3462 759 3514 est
781 3462 812 3514 et
834 3459 893 3526 his,
916 3459 966 3529 qui
989 3459 1099 3529 aliquid
1118 3476 1136 3514 a
1153 3476 1234 3515 sacra
1251 3458 1427 3515 liberalitate
1444 3462 1616 3526 meruerunt,
1634 3461 1712 3514 tutos
1729 3459 1909 3528 defensosque

464 3561 569 3600 servan
588 3544 785 3615 praecipimus.
823 3562 885 3602 usn.
904 3562 934 3601 vr
952 3562 1015 3601 usu
1034 3562 1093 3601 rm.
1112 3562 1178 3601 urvo
1196 3561 1311 3600 roursuo
1329 3562 1362 3599 nu
1379 3561 1559 3601 vsuaouuuo
1576 3562 1664 3600 conss

557 3719 581 3771 V

464 3834 483 3890 0
499 3846 525 3891 et
541 3838 608 3892 delet
628 3839 802 3908 Gotlrosredus

352 4063 444 4132 ,20,8
464 4060 527 4129 (40⁰
545 4061 615 4131 [405]
634 4061 695 4117 Oct.
709 4063 745 4132 5).

555 4182 631 4220 nrrr.
662 4167 819 4235 saumas)
836 4182 868 4221 ur
886 4169 1046 4237 ausoauso)
1069 4186 1116 4223 ss.
1141 4183 1286 4222 musso
1309 4169 1485 4238 musmo)
1504 4169 1684 4238 r(asnron1)o.
1720 4166 1830 4239 Exigua
1847 4186 1913 4238 quo·

470 4250 616 4307 dammodo
634 4251 823 4308 aedificiorum
844 4252 998 4323 pensitatio
1010 4254 1119 4308 uullum
1137 4270 1205 4325 erga
1217 4252 1405 4324 possessiones
1416 4271 1480 4310 suas
1492 4253 1677 4325 superindicti
1696 4251 1786 4309 ouans
1804 4252 1913 4324 pondus

467 4341 611 4409 agnoscet
651 4338 706 4396 Per
729 4356 823 4396 omues
842 4343 937 4396 autem
960 4338 1092 4395 civitates
1120 4338 1277 4412 municipia
1300 4339 1377 4395 vicos
1395 4340 1513 4396 castella
1535 4357 1570 4396 ex
1587 4338 1692 4395 horreis
1709 4338 1819 4396 balneis
1835 4356 1913 4409 erga

469 4424 563 4480 storiis
580 4424 706 4481 tabernis
724 4425 852 4481 domibus
870 4426 1019 4492 cenaculis,
1038 4425 1137 4482 salinis
1154 4425 1242 4483 etiam
1261 4425 1389 4483 omuibus
1405 4430 1519 4500 praeter
1535 4426 1705 4498 mancipum,
1723 4442 1796 4496 quae
1814 4426 1913 4497 populi

468 4510 588 4566 Romani
610 4510 732 4567 lavacris
756 4512 923 4579 inserviunt,
955 4514 999 4570 vel
1026 4513 1084 4579 his,
1113 4531 1185 4583 quae
1214 4513 1243 4569 in
1265 4513 1428 4571 memoratis
1450 4513 1520 4570 locis
1543 4513 1594 4568 sub
1615 4512 1757 4584 pensionis
1774 4512 1914 4568 locatione
1952 4530 1964 4569 s

470 4598 635 4664 retinentur,
653 4599 758 4654 nullius
777 4603 896 4672 excepta
914 4618 1033 4672 persona
1050 4599 1133 4657 unius
1150 4601 1230 4667 unni,
1248 4602 1301 4658 hoc
1323 4606 1367 4658 est
1384 4600 1487 4658 tertiae
1508 4597 1670 4656 indictionis
1687 4598 1836 4656 devotione
1853 4616 1915 4655 cou-

469 4702 541 4757 grua
559 4702 576 4740 a
594 4686 718 4743 locorum
736 4686 856 4742 dominis
878 4687 976 4758 pensio
1001 4688 1173 4753 conferatur,
1200 4690 1320 4758 exceptu
1346 4686 1457 4743 sufficet
1483 4684 1653 4743 aeternabili
1675 4685 1755 4751 urbe,
1774 4702 1859 4755 quam
1877 4684 1914 4740 ab

469 4770 630 4829 huiusmodi
653 4791 766 4830 munere
790 4774 947 4831 reverentia
969 4774 1100 4845 propriae
1117 4773 1276 4830 maiestatis
1299 4777 1422 4831 excuset.
1458 4773 1499 4828 Ea
1517 4771 1652 4828 videlicet
1667 4769 1776 4827 ratione
1794 4772 1914 4837 servate,

469 4861 516 4924 ut,
539 4859 564 4914 si
586 4860 635 4929 qui
659 4861 833 4917 dominorum
858 4861 990 4928 defuerit,
1016 4861 1061 4917 vel
1079 4878 1097 4916 a
1114 4859 1343 4932 procuratoribus
1361 4860 1407 4917 vel
1425 4859 1462 4915 ab
1485 4856 1530 4913 his
1548 4856 1597 4928 qui
1614 4856 1684 4913 haec
1702 4855 1766 4912 loca
1782 4856 1835 4911 sub
1852 4872 1914 4910 cou-

473 4944 605 5002 ductione
624 4946 779 5011 detentam,
797 4946 827 5002 id
845 4947 920 5017 quod
943 4952 1125 5019 praeceptum
1143 4951 1187 5005 est
1204 4947 1340 5004 inseratur
1357 4945 1530 5002 dominorum
1546 4941 1703 4999 rationibus
1720 4941 1915 5012 imputandum,
1942 4956 1967 4997 ro

472 5048 507 5087 ea
524 5032 685 5088 condicione
704 5038 824 5099 servata,
842 5036 875 5089 ut
892 5033 984 5091 sciant
1002 5036 1121 5099 tautum,
1140 5037 1277 5103 quantum
1295 5031 1350 5103 ipsi
1368 5030 1513 5102 percipere
1526 5031 1700 5095 consuerunt,
1713 5027 1789 5083 omui
1800 5025 1914 5082 maturi-

469 5119 532 5175 tate
549 5124 678 5189 oportere
696 5120 827 5176 conferre.
863 5136 924 5175 usn.
943 5137 976 5175 111
993 5136 1057 5175 uos.
1075 5137 1166 5175 octos.
1185 5120 1354 5189 munuum)
1372 5133 1530 5175 srmouon
1547 5132 1580 5171 rr
1597 5130 1756 5171 srumrsuo
1773 5129 1862 5169 conss.

563 5334 589 5386 V

470 5453 625 5509 teutonos
636 5455 661 5507 V
708 5454 764 5524 la]
779 5456 906 5520 Cbiociue,
920 5454 1001 5508 om.V
1049 5453 1083 5506 12
1095 5472 1167 5522 opor·
1222 5457 1247 5521 2,
1258 5458 1284 5520 8,
1295 5458 1328 5506 24

471 5524 535 5591 ture]
553 5533 669 5594 oportere
680 5544 708 5580 sc
720 5544 770 5580 rer.
817 5534 927 5593 propter
939 5541 1037 5577 anuum
1054 5525 1112 5577 uide
1130 5524 1168 5575 ad
