4800 6400
545 744 664 796 'I'I'I'VH
1244 741 1283 803 14
1876 742 1991 796 LIB.V1

728 911 922 968 CORPORIS
936 910 1065 966 PLEIVI
1202 907 1344 963 TITVLI
1407 908 1496 963 BRE
1503 908 1634 964 VIARII
1647 910 1893 967 ALARIOIANI

654 1017 715 1071 XII.
732 1015 773 1071 Dc
792 1015 941 1071 comitibus
959 1013 1172 1070 consistorianis.

638 1188 714 1243 XIII.
731 1187 772 1242 De
787 1103 944 1242 Idomitibus
966 1189 996 1242 et
1019 1186 1138 1241 tribunis
1163 1187 1241 1241 scho-

767 1272 864 1328 larum.

783 1362 809 1412 Β

625 1447 715 1502 ΧΙΙΙΙ.
733 1447 774 1500 De
792 1445 941 1500 comitibus
958 1444 998 1500 rei
1016 1443 1155 1500 militaris.

652 1619 712 1674 XV.
731 1617 772 1674 De
785 1534 968 1680 Bcomitibus
996 1615 1045 1685 qui
1075 1615 1240 1673 inlustribus

768 1702 917 1774 agentibus
936 1701 1072 1757 adsident.

639 1875 712 1931 XVI.
731 1873 771 1930 De
786 1792 939 1929 Idomitibus
957 1877 987 1930 et
1002 1873 1151 1931 archiatris
1168 1874 1241 1929 sacri

767 1959 878 2030 palatii.

784 2050 810 2100 Β

626 2133 713 2189 XVII.
731 2132 772 2187 De
791 2131 948 2197 comitibus,
961 2132 1010 2202 qui
1026 2132 1184 2203 provincias
1201 2151 1241 2189 re-

766 2220 845 2289 gunt.

787 2307 812 2357 Β

613 2391 714 2446 XVIII.
734 2390 773 2445 De
792 2389 1133 2458 comtibus-vacantibus.

598 2562 714 2617 XVIIII.
732 2560 773 2616 De
785 2478 982 2616 {onsulanbus
1004 2564 1034 2616 et
1058 2559 1240 2632 praesidibus.

653 2733 713 2788 XX.
732 2649 945 2787 Deldomitibus
967 2731 1071 2787 ordinis
1092 2731 1175 2801 primi
1199 2750 1241 2787 ar-

767 2817 841 2873 tium
857 2817 1036 2873 diversarum.

634 2991 707 3045 XXI.
726 2907 983 3060 Deriiofcssoribua
994 2989 1081 3058 quiin
1094 2990 1162 3046 urbe
1172 2990 1240 3047 Con·

766 3076 1020 3146 stantinopolitana
1048 3076 1181 3132 docentes
1207 3095 1242 3132 ex

766 3161 829 3234 lege
847 3161 999 3219 meruerint
1017 3161 1187 3219 comitisam.

628 3333 716 3388 XXII.
734 3332 774 3388 De
785 3252 946 3389 Ilionorariis
964 3333 1109 3389 codicillis.

784 3424 809 3474 Β

612 3502 714 3559 XXIII.
732 3505 772 3561 Do
790 3505 985 3561 decurionibus
1003 3509 1033 3562 et
1052 3505 1222 3562 silentiariis.

784 3594 808 3643 Β

594 3674 709 3731 XXHII.
726 3676 768 3732 De
786 3677 945 3732 domesticis
963 3681 993 3733 et
1010 3678 1223 3748 protectoribus.

624 3846 711 3902 XXV.
728 3848 769 3904 De
784 3765 956 3919 impositis
974 3848 1110 3907 labarum.

610 4019 711 4074 XXVI.
729 4020 769 4076 De
783 3939 932 4091 iiroximis
954 4019 1103 4075 comitibus
1122 4020 1239 4090 disposi-

764 4107 872 4161 tionum
881 4106 1043 4176 cetorisque,
1054 4107 1102 4176 qui
1113 4106 1140 4160 in
1152 4106 1239 4161 sacris

766 4193 874 4248 scriniis
892 4191 1025 4248 militant.

599 4363 712 4418 XXVII.
730 4282 987 4436 Deiigentibuslin
1005 4367 1094 4422 rebus.

580 4536 708 4592 XXVIII.
727 4456 952 4608 Depiincipibus
962 4540 1095 4608 agentum
1105 4536 1134 4590 in
1147 4536 1238 4592 rebus.

573 4708 714 4765 XXVIIII.
732 4628 915 4766 Delduriosis.

624 4880 710 4934 XXX.
728 4882 770 4937 De
783 4799 927 4953 Ilialatinis
950 4899 1090 4937 sacrarum
1114 4880 1240 4952 largitio-

763 4987 830 5023 uum
848 4972 878 5024 et
895 4986 985 5024 rerum
1003 4968 1186 5037 privatarum.

782 5057 807 5107 Β

611 5136 711 5191 XXXI.
730 5138 771 5195 Dc
782 5139 963 5262 Issetratoribus.

596 5291 710 5346 XXXII.
729 5292 769 5347 lle
783 5295 992 5415 {astrensiania

585 5445 713 5500 XXXIII.
732 5447 772 5500 De
791 5447 911 5503 decurris.
1295 5473 1500 5482 *⁸*—

784 5520 808 5569 Β
1342 5521 1492 5575 NABOLS
