4800 6400
418 730 678 790 smuounmlau
1111 731 1174 803 915

419 904 496 968 Quae
519 922 583 961 oum
606 905 650 963 ita
670 905 740 973 sint,
764 907 892 965 inlustris
913 911 943 965 et
965 909 1110 980 praecelsa
1126 907 1337 982 magnificentia
1354 912 1405 966 tua
1423 925 1501 980 prae·
1549 916 1554 1019 Ι

418 991 505 1049 sentis
531 991 638 1049 oraculi
667 992 839 1051 sanctionem
866 994 1020 1067 propositis
1045 995 1150 1065 ubique
1176 996 1307 1067 divulget
1331 994 1446 1061 edictis,
1468 999 1501 1052 ut

417 1079 546 1134 noverint
564 1079 674 1145 cuncti,
697 1083 709 1148 ll
734 1080 814 1150 *qni*
834 1081 1032 1152 cuiuscumque
1049 1084 1153 1154 gradus
1171 1082 1328 1139 sacerdotio
1345 1081 1501 1140 iniciuntur
1566 1087 1655 1154 {tradit
1674 1087 1679 1154 Ι
1696 1086 1867 1157 'quicumque

418 1165 462 1220 vel
482 1164 631 1223 clericatus
654 1167 758 1224 honore
780 1172 941 1235 censentur,
959 1173 1153 1236 ermaueanum
1176 1169 1231 1225 sibi
1250 1168 1399 1225 mulierum
1417 1169 1500 1226 inter·
1769 1160 1865 1227 igitur*

418 1251 496 1308 dicta
513 1253 653 1309 consortia
669 1254 690 1325 s:
709 1253 763 1310 hac
783 1254 867 1310 *sibi*
886 1259 998 1313 tantum
1015 1256 1153 1314 facultate
1176 1274 1320 1322 cocceam,
1339 1259 1372 1311 ut
1389 1259 1500 1321 matres,
1571 1256 1756 1328 sccgnoscant
1775 1261 1781 1331 Ι
1799 1262 1865 1316 *civ
1904 1276 1917 1316 s

418 1338 490 1394 filias
511 1340 603 1410 adque
626 1358 774 1414 germanas
799 1343 874 1400 intra
897 1344 1040 1399 domorum
1067 1360 1179 1400 suarum
1207 1345 1307 1414 saepta
1330 1342 1501 1400 contineant

418 1426 450 1480 ln
467 1425 512 1481 his
530 1426 604 1482 enim
621 1427 693 1483 nibil
713 1429 807 1486 scaevi
826 1428 950 1485 criminis
968 1429 1112 1486 aestimari
1129 1429 1228 1486 foedus
1239 1429 1370 1485 naturale
1388 1428 1502 1500 permit-

417 1512 462 1568 tit.
498 1513 567 1568 lllas
584 1513 672 1570 etiam
689 1532 743 1571 non
761 1515 882 1585 relinqui
901 1515 1044 1573 castitatis
1061 1516 1193 1573 hortatur
1205 1514 1326 1580 affectio,
1344 1532 1417 1586 quae
1435 1519 1502 1572 ante

417 1598 604 1656 sacerdotium
621 1601 784 1658 maritorum
798 1601 955 1674 *legitime*
968 1619 1093 1660 meruere
1111 1601 1281 1675 coniugium.
1317 1601 1416 1671 Neque
1428 1601 1502 1659 enim
1574 1604 1747 1675 *legitimum*

418 1686 528 1742 clericis
546 1685 759 1758 inconpetenter
776 1688 927 1746 adiunctae
944 1692 1021 1754 sunt,
1040 1707 1112 1759 quae
1130 1688 1230 1762 dignos
1255 1687 1411 1745 sacerdotio
1429 1687 1503 1744 viros
1894 1709 1919 1748 ro

417 1774 461 1830 sui
488 1776 698 1836 conversatione
725 1779 859 1834 lecerunt.
880 1782 891 1847 ΙΙ
913 1778 996 1833 illam
1024 1795 1088 1834 vero
1115 1777 1247 1834 desiderii
1274 1782 1384 1849 partem
1408 1778 1503 1849 legum
1567 1779 1634 1847 llfin.
1685 1811 1729 1849 m·
1742 1796 1849 1860 9223

418 1879 529 1934 quoque
546 1863 742 1936 praeeuntium
760 1863 832 1920 scita
849 1862 1013 1930 solidarunt,
1031 1866 1064 1918 ut
1076 1867 1088 1933 ΙΙ
1101 1863 1243 1934 *quisquis
1261 1865 1436 1922 dedicatam⁴
1450 1866 1503 1922 deo
1575 1863 1611 1919 *sl
1629 1869 1687 1934 quis
1704 1869 1829 1920 dicaam*

419 1948 555 2022 virginem
573 1951 708 2023 prodigus
720 1950 763 2006 sui
775 1954 872 2022 raptor
884 1949 1024 2015 ambierit,
1037 1950 1191 2021 publicatis
1208 1951 1289 2007 bonis
1306 1951 1504 2025 deportatione

418 2037 568 2107 plectatur,
587 2038 696 2094 cunctis
708 2036 895 2093 accusationis
913 2037 997 2093 huius
1014 2037 1132 2094 licentia
1143 2038 1250 2107 absque
1264 2042 1340 2095 metu
1354 2038 1505 2095 delationis

418 2123 538 2180 indulta.
577 2125 676 2194 Neque
693 2124 708 2195 Γ
720 2123 795 2195 exigi
821 2123 952 2180 convenit
976 2123 1160 2194 proditorem,
1185 2142 1267 2193 quem
1291 2142 1342 2196 pro
1365 2124 1505 2196 pudicitia
1573 2123 1667 2194 fenim
1892 2139 1916 2180 rs

417 2209 562 2282 religionis
588 2210 694 2266 invitat
715 2211 884 2266 humanitas.
925 2228 998 2266 narn
1022 2227 1073 2266 vm
1096 2228 1133 2265 rn.
1156 2227 1216 2265 ruer.
1240 2229 1390 2267 aermnae
1413 2229 1505 2268 nonno

417 2299 603 2354 summas
621 2315 684 2354 svo.
703 2315 765 2352 vnn
782 2315 815 2352 rr
831 2314 997 2353 consrsnrro
1014 2315 1046 2353 m
1065 2316 1090 2352 u.
1109 2316 1131 2355 c.
1150 2300 1232 2356 soffia

424 2407 526 2417 ,.--.
691 2407 836 2415 ---

507 2475 537 2527 Ζ.
555 2501 588 2512 -
606 2473 741 2542 anam
763 2473 859 2527 nnec.
871 2478 895 2537 s,
906 2478 978 2541 aas.
997 2435 1075 2542 zac,
1086 2481 1129 2529 44.

418 2596 531 2651 ldsuul
565 2596 613 2649 22
678 2594 758 2661 dqui
776 2612 824 2648 ora
839 2595 880 2646 Ζ·
955 2595 1079 2648 5matris
1093 2594 1118 2645 Ζ
1168 2593 1202 2646 14
1218 2594 1386 2647 dilationisZ
1485 2592 1519 2646 lb
1537 2591 1651 2660 exegiZ
1748 2592 1781 2646 le
1799 2593 1863 2663 uiill]

470 2666 532 2720 'lin
560 2664 749 2733 Tumens
836 2663 1066 2733 ldpubligatisZ
1167 2664 1252 2716 uiiiZ
1312 2663 1409 2717 con‘sZ

385 2859 415 2912 ll
436 2853 499 2921 (412
517 2853 576 2908 Iun.
588 2852 643 2922 24).

505 2961 550 3011 ῆῑ).
572 2960 618 3012 ᾗ.
640 2971 715 3010 mr.
741 2971 879 3010 acroama
904 2972 938 3010 rr
962 2971 1129 3011 rnuonosrvs
1154 2971 1235 3010 aves.
1262 2971 1370 3010 mmo
1397 2970 1551 3010 maruno
1578 2969 1731 3010 eamcam
1778 2953 1865 3010 Recte

418 3042 598 3100 clementiam
621 3046 744 3098 nostram
766 3047 960 3099 sacrosanctae
978 3041 1124 3115 religionis
1148 3041 1291 3112 obsequiis
1319 3041 1429 3098 devotis
1450 3040 1670 3098 adsiduitatibus
1697 3040 1864 3097 servientem

418 3131 455 3187 ad
481 3128 719 3186 confirmationem
743 3128 966 3202 privilegiorum,
994 3146 1067 3201 quae
1093 3128 1221 3186 ecclesiis
1248 3127 1357 3184 dicavit
1381 3132 1520 3194 vetustas,
1546 3127 1772 3201 magnificentiae
1796 3129 1863 3182 tuae

418 3217 563 3291 suggestio
585 3216 718 3289 religiosa
740 3218 922 3283 commonuit,
944 3219 977 3273 ut
999 3218 1209 3274 temerariorum
1233 3217 1376 3273 hominum
1400 3216 1549 3273 conatibus
1575 3215 1689 3288 penitus
1716 3214 1863 3286 obpressis,

418 3304 520 3376 quibus
530 3304 654 3360 studium
666 3308 710 3361 est
722 3303 912 3361 Christianam
924 3304 1113 3361 innocentiam
1126 3321 1236 3377 semper
1253 3308 1397 3374 appetere,
1902 3335 1914 3375 5

417 3410 480 3448 eam
497 3390 585 3447 nostri
602 3391 720 3447 formam
738 3389 896 3447 sauciamus
907 3391 1027 3459 arbitrii,
1045 3390 1091 3446 cui
1103 3390 1235 3462 deinceps
1246 3391 1341 3447 nullus
1357 3391 1397 3446 in·
1569 3405 1612 3444 nn.
1628 3390 1668 3457 16,
1680 3390 1749 3454 240

418 3496 492 3549 pune
508 3479 666 3549 refragator
683 3476 795 3532 existat.
808 3479 820 3545 ΙΙ
836 3478 935 3534 Placet
955 3477 1072 3549 *igitur*
1091 3477 1270 3533 rationabilis
1286 3477 1395 3532 consilii
1456 3478 1467 3548 ΙΙ
1483 3479 1533 3533 lac.
1548 3477 1554 3546 Ι
1571 3475 1679 3549 *igitur*
1694 3495 1743 3529 oua

418 3568 513 3621 tenore
525 3580 669 3635 perpenso,
678 3563 824 3631 *quonism
833 3563 902 3633 quid
911 3562 1025 3619 remedii
1096 3564 1211 3618 confusa
1220 3562 1396 3632 nequissimis
1468 3566 1604 3632 'quoniam
1624 3604 1649 3617 ..
1663 3602 1670 3616 .
1688 3559 1852 3631 relinquunt*

417 3651 532 3706 ausibus
551 3650 626 3705 viam
643 3649 828 3720 relinquunt⁴,
846 3649 982 3705 destricta
997 3649 1185 3705 moderatione
1199 3649 1395 3719 praescribere,
1813 3647 1862 3683 ⁰¹¹·

392 3767 394 3772 ·
418 3756 436 3793 a
445 3736 546 3806 quibus
556 3736 719 3807 specialiter
727 3736 943 3793 necessitatibus
951 3734 1086 3791 ecclesiae
1098 3736 1210 3791 urbium
1222 3736 1396 3808 singularum
1890 3766 1916 3804 ω

418 3822 576 3879 habeantur
598 3822 731 3879 inmunes.
777 3821 870 3877 Primo
892 3820 999 3892 quippe
1020 3821 1098 3878 illius
1119 3821 1311 3893 usurpationis
1334 3840 1396 3878 con·

418 3908 536 3965 tumelis
554 3909 721 3980 depellenda
738 3912 794 3975 est,
820 3926 854 3965 nc
876 3908 992 3980 praedia
1013 3908 1110 3964 usibus
1128 3908 1292 3965 caelestium
1310 3926 1396 3965 secre-

418 4002 509 4052 torum
527 3995 623 4051 dicata
640 3994 813 4050 sordidorum
837 4011 980 4051 munerum
998 3994 1073 4051 fasce
1093 4000 1234 4052 vexentur.
1277 3993 1394 4051 *Nulla*
1468 3993 1595 4048 *nullam*

418 4082 591 4154 iugationem
602 4080 718 4138 'talium
731 4080 943 4152 privilegiorum
953 4085 1027 4137 sorte
1035 4080 1242 4151 gratulantem⁴
1254 4080 1396 4138 muniendi
1469 4084 1551 4150 *quae
1569 4089 1587 4133 a
1606 4098 1642 4149 pr.
1657 4098 1678 4134 s.
1696 4083 1856 4150 gratulatur*

417 4167 527 4225 itineris
544 4169 719 4239 constringat
731 4167 846 4231 iniuria;
865 4165 937 4223 nihil
950 4167 1199 4223 extraordinarium
1220 4167 1257 4222 ab
1269 4167 1323 4223 bac
1338 4168 1397 4223 *vel
1469 4166 1767 4236 *superindictlclumue⁴
1889 4197 1914 4236 15

418 4254 691 4327 superindicticium⁴
706 4253 861 4325 flagitetur;
879 4253 959 4309 nulla
977 4253 1103 4323 pontium
1122 4253 1298 4321 instauratio,
1318 4254 1397 4309 nulla

419 4339 632 4397 translationum
659 4340 821 4396 sollicitudo
850 4338 991 4412 gignatur.
1036 4340 1098 4395 Non
1126 4358 1224 4395 aurum
1248 4343 1396 4410 ceteraque

418 4428 489 4484 talia
515 4430 672 4498 poscantur.
716 4428 859 4483 Postremo
881 4425 962 4491 nihil,
982 4427 1071 4495 *quod
1096 4431 1209 4497 praeter
1233 4425 1396 4482 canonicam
1469 4425 1521 4495 *pn
1538 4444 1597 4483 cun.
1615 4429 1660 4481 inl.
1678 4429 1762 4494 quod*

418 4514 595 4572 mistionem*
615 4512 792 4569 adventiciae
813 4512 990 4570 necessitatis
1012 4511 1123 4569 sarcina
1145 4512 1293 4582 repentina
1315 4514 1397 4584 depc-

392 4633 395 4638 -
418 4599 548 4670 posuerit,
561 4600 621 4657 eius
632 4598 824 4655 functionibus
833 4599 1017 4656 adscribatur.
1030 4604 1042 4669 ΙΙ
1054 4599 1163 4655 Vacent
1175 4599 1312 4656 ecclesiae
1321 4600 1396 4665 solis,
1461 4600 1472 4666 ΙΙ
1478 4602 1541 4669 finit
1888 4626 1915 4667 ,θ

417 4685 520 4755 quibus
546 4687 617 4743 bene
644 4684 771 4742 consciae
797 4689 874 4750 suut,
902 4685 1015 4741 divinae
1043 4685 1262 4756 praedicationis
1288 4685 1397 4750 officiis,

418 4775 520 4828 cuncta
537 4772 566 4827 in
584 4772 759 4829 orationibus
776 4772 952 4829 celebrandis
963 4774 1093 4829 horarum
1105 4773 1230 4830 omnium
1241 4778 1382 4830 momenta
1396 4776 1568 4829 consumant.
1605 4774 1753 4830 (laudeant
1764 4778 1860 4830 nostra

418 4857 447 4912 in
467 4862 633 4930 perpetuum
656 4858 830 4916 liberalitate
852 4860 989 4925 munitae,
1008 4878 1126 4929 quarum
1143 4877 1279 4931 neserga
1301 4861 1408 4917 cultum
1427 4858 1545 4930 pietatis
1563 4862 1693 4916 aeternae
1712 4859 1862 4916 devotione

417 4946 579 5015 gaudemus.
620 4946 797 5018 Quapropter
819 4946 947 5003 sublimis
973 4946 1185 5019 magnificentia
1213 4951 1264 5004 tua
1289 4946 1429 5020 religiosis
1454 4946 1597 5003 mentibus
1619 4946 1647 5002 in
1671 4946 1863 5003 huiuscemodi

419 5120 505 5174 ldnn
523 5124 600 5190 imptr
618 5122 777 5176 honoriusZ
865 5120 1064 5190 3priuilegiiZ
1165 5130 1249 5175 torum
1262 5124 1304 5174 Z·
1374 5121 1407 5176 13
1425 5121 1572 5178 uexaturZ
1645 5119 1678 5175 21
1698 5120 1826 5190 conscias]
1841 5123 1871 5174 Z·

417 5188 594 5259 ‹lsuggestiol
612 5209 643 5243 su
695 5192 766 5244 rriZ
832 5186 1074 5257 tresnngsrorzt
1165 5210 1223 5245 mem
1232 5193 1314 5245 Floro
1323 5191 1418 5259 (Aut),
1428 5192 1599 5247 conscientiae
1611 5190 1710 5244 Florus
1722 5192 1863 5258 (Ambrae.)

417 5258 514 5327 8quid
538 5262 643 5313 remedii
666 5263 699 5312 Z:
726 5262 845 5313 sidercum
867 5261 1012 5313 daidmari
1035 5262 1113 5312 tatic:
1165 5280 1223 5315 cum
1240 5280 1331 5329 upopr.
1408 5261 1443 5314 ‘22
1464 5259 1811 5325 sanctimoniamque.)

418 5331 540 5395 quonlam
551 5332 612 5396 qnid
629 5332 733 5383 remedii
745 5328 874 5398 [occumt
885 5332 1018 5396 quaeritur
1029 5347 1113 5383 sacer·
1166 5331 1334 5397 orationibus]
1355 5331 1460 5398 Florus,
1476 5331 1621 5384 rationibus
1634 5331 1659 5381 Ζ
1717 5329 1752 5383 93
1769 5333 1796 5383 in
1816 5348 1863 5383 om.

417 5401 558 5465 docunque
576 5397 716 5467 postulata]
736 5404 843 5453 connisa
929 5398 1117 5454 9distrlctaZ
1167 5401 1265 5453 florus
1278 5399 1422 5468 (Ambros.)
1468 5398 1755 5467 acmrnmlkaeterrm
1765 5400 1871 5452 Florus·

454 5469 483 5520 ll
505 5469 624 5520 habiatur
636 5469 676 5519 Ζ·
735 5470 848 5521 inmunis
859 5469 899 5519 ΖΙ
951 5465 1031 5536 illius]
1054 5469 1114 5534 Tu,
1166 5469 1323 5535 (Austros),
1346 5480 1373 5523 ot
1393 5480 1498 5523 aeterna
1516 5470 1615 5521 Florus
1635 5469 1759 5535 (dutiae.)

417 5537 455 5589 illi
469 5537 495 5588 Z
556 5537 588 5589 l‘d
605 5536 721 5606 praedia]
741 5539 799 5604 Tu,
815 5539 887 5590 uss
954 5538 1030 5604 12113
1047 5556 1113 5591 scre·
1166 5539 1200 5592 ‘24
1219 5542 1347 5592 mentibus
1364 5538 1426 5606 (sion
1445 5541 1568 5603 motibus)
1583 5540 1607 5589 Ζ

1604 5623 1656 5676 58·
