4800 6400
575 715 626 779 XI
648 719 690 781 36
716 719 838 781 12-16
1264 714 1327 776 650
1363 714 1507 779 Qvoavm
1519 714 1802 768 Arrmnfflonrs
1813 714 1888 765 NON
1901 713 2114 766 nuculeum

423 888 470 954 Xl,
483 886 525 954 36,
540 886 571 941 12
589 886 651 955 (355
669 887 785 954 1u1.29).

662 1007 728 1044 marr
755 1008 802 1045 sa.
830 1007 868 1044 nn
894 1006 1070 1044 nonnarum
1092 988 1290 1056 rtnamscrvn)
1308 988 1486 1056 rtsamomlo.
1532 987 1650 1044 Publica
1676 987 1807 1043 utilitate
1831 987 1974 1043 suadente
1998 986 2028 1042 in

576 1076 667 1131 causis
690 1075 908 1147 pensitationum
934 1074 1145 1144 debitorumque
1169 1074 1306 1130 fiscalium
1326 1074 1479 1129 inhibitum
1502 1077 1546 1130 est
1568 1072 1777 1144 provocationis
1802 1072 1955 1129 auxilium.
1995 1091 2027 1129 ιτ

577 1179 686 1217 aman.
722 1178 784 1217 nar.
803 1179 846 1216 1111
864 1179 926 1216 nan.
945 1178 1009 1216 uve.
1026 1177 1173 1216 asamona
1190 1177 1223 1214 m
1240 1177 1372 1215 notumne
1389 1177 1478 1214 conss.

670 1337 695 1388 V

580 1459 594 1511 1
613 1459 680 1512 idem
697 1455 747 1526 aa]
764 1458 904 1525 requiritur
921 1459 987 1510 idem
1005 1459 1036 1510 A.

426 1668 474 1732 XI,
487 1666 529 1732 36,
544 1665 575 1720 13
593 1663 654 1733 (358
672 1665 731 1719 Iun.
743 1662 796 1732 28).

665 1785 731 1822 mnu
756 1787 804 1823 nn.
827 1772 866 1823 ‘sn
888 1784 996 1823 mosvn
1018 1770 1232 1837 menenensis)
1251 1773 1397 1839 armetis).
1434 1770 1503 1826 Cum
1521 1775 1630 1827 constet
1648 1769 1705 1826 iam
1723 1769 1830 1826 dudum
1847 1788 1911 1826 ease
1929 1773 2024 1826 nostra

580 1854 722 1912 sanctione
739 1859 929 1927 praeceptum,
946 1873 981 1912 ne
1000 1855 1111 1926 aliquis,
1129 1876 1191 1912 cum
1209 1857 1303 1914 fiscale
1321 1856 1448 1914 debitum
1466 1859 1632 1929 postulatur,
1650 1859 1756 1914 audeat
1773 1874 1945 1928 provocare,
1963 1875 2024 1928 pre

580 1942 724 1998 consulare
742 1941 871 2007 officium,
889 1941 913 1996 si
932 1943 1101 2013 patientiam
1124 1944 1355 2009 commodaverit,
1380 1945 1457 2000 XXX
1482 1947 1573 2016 pondo
1597 1945 1658 2002 auri
1681 1946 1747 2001 fiseo
1770 1948 1893 2016 cogatur
1916 1944 2025 2001 inferre

583 2046 644 2085 oar.
663 2046 725 2084 vnn
742 2047 806 2085 m.
824 2047 878 2085 1va
896 2047 986 2085 smnio
1004 2048 1125 2086 camno
1141 2048 1174 2086 aa
1192 2048 1310 2088 emman
1327 2049 1415 2087 conss.

672 2240 697 2289 V

581 2342 594 2395 l
614 2344 754 2411 requiritur
771 2344 837 2397 idem
855 2345 886 2396 Δ.

428 2530 476 2596 ru,
488 2528 531 2593 as,
544 2527 577 2583 14
595 2529 655 2599 (sn
674 2530 746 2602 nug.
758 2531 795 2598 s).

667 2654 733 2691 man
756 2654 803 2691 au.
827 2654 866 2691 nn
884 2654 1046 2692 mamm
1069 2638 1282 2708 pannosarum)
1306 2639 1453 2707 semema).
1489 2637 1588 2694 Gravis
1606 2638 1662 2695 ista
1680 2639 1829 2696 commotio
1857 2643 1902 2695 eat
1919 2657 1956 2696 ac
1973 2657 2027 2695 non

583 2724 697 2779 ferenda
714 2722 859 2779 iracundia
876 2723 985 2788 iudicis,
998 2742 1070 2793 quae
1083 2724 1217 2780 effirsienc
1229 2724 1344 2780 hnmani
1357 2725 1502 2796 sanguinis
1512 2725 1650 2796 expiatur.
1686 2725 1740 2784 Sed
1758 2728 1795 2782 ad
1812 2729 1909 2783 sucum
1927 2726 2029 2797 iniqni-

582 2811 651 2867 tatis
670 2810 827 2881 augendum
846 2810 891 2867 lex
909 2809 996 2866 nostri
1014 2810 1149 2881 genitoris
1167 2810 1277 2867 adscita
1299 2815 1355 2875 est,
1379 2811 1489 2868 scilicet
1510 2815 1543 2866 ut
1564 2812 1705 2868 diceretur
1721 2812 1832 2883 genitor
1851 2815 1949 2869 noster
1966 2830 2027 2867 con-

581 2896 665 2954 victis
677 2897 706 2952 in
724 2897 887 2968 quaestione
899 2897 1052 2954 violentiae
1067 2897 1268 2969 appellationis
1286 2898 1416 2970 perfugia
1434 2898 1612 2969 decerpsisse.
1645 2900 1765 2955 ‘Pleeta
1834 2935 1916 2989 ΤΗ
1939 2936 1975 2989 10
1997 2936 2011 2989 1

582 2986 644 3051 tur'‚
663 2985 763 3055 inquit,
780 2985 840 3055 ‘qui
857 2983 1033 3041 manifestam
1052 2984 1194 3056 detegitur
1207 2984 1376 3042 commisisse
1390 2985 1570 3042 violentiam’.
1602 2985 1679 3049 Quae
1691 2986 1763 3058 legis
1812 2883 1818 3055 i
1918 2976 1925 2999 ’
1974 2976 1983 3000 ⁹
2061 2988 2072 3026 ⁵

583 3089 650 3126 suae
673 3072 758 3127 verba
784 3070 848 3126 aliis
874 3089 984 3141 quoque
1010 3071 1089 3127 scitis
1113 3072 1235 3128 clemens
1257 3071 1385 3128 conditor
1402 3071 1573 3142 explanavit.
1610 3071 1721 3128 Etenim
1740 3071 1865 3144 vigorem
1884 3073 2029 3131 vindictae

585 3158 689 3215 differri
709 3162 773 3229 post
790 3157 878 3214 totius
897 3157 1006 3230 negotii
1027 3157 1134 3215 exitum
1156 3157 1259 3225 noluit,
1283 3158 1393 3215 scilicet
1414 3162 1461 3224 ut,
1484 3158 1508 3214 si
1530 3176 1676 3230 procacem
1699 3159 1842 3217 vesaniam
1860 3159 2029 3232 principalis

584 3245 693 3316 negotii
717 3244 852 3301 discussio
874 3245 1058 3316 publicasset,
1082 3245 1241 3302 convictum
1263 3264 1341 3302 reum
1363 3249 1414 3301 aut
1436 3245 1597 3302 medietatis
1620 3245 1734 3303 amissio
1752 3251 1803 3303 aut
1820 3265 1880 3303 sors
1897 3247 2029 3318 deporta·

587 3332 672 3389 tionis
690 3332 844 3404 adfligeret.
880 3349 940 3387 nur.
958 3350 991 3387 111
1009 3350 1071 3388 non.
1091 3351 1154 3389 sve.
1173 3350 1264 3389 navae
1281 3350 1314 3388 rr
1331 3350 1479 3389 raoamuro
1495 3350 1584 3388 coam

589 3459 634 3468 ..-

678 3541 703 3594 V

589 3665 761 3732 lrequirv'tar
778 3667 845 3717 idem
862 3668 894 3718 A.
963 3663 1140 3732 ldacerpisse
1156 3665 1181 3715 V
1245 3664 1469 3717 inassaniaml'
1533 3662 1633 3731 Sacro]
1651 3665 1687 3715 rie
1709 3665 1772 3728 (non
1790 3664 1896 3728 soss)V

588 3809 626 3814 -.
648 3809 754 3815 ..-..-.
768 3809 1020 3815 .—-——.-.—..-—.
1032 3807 1258 3814 .....————.....
1271 3808 1310 3813 ....
1335 3807 1341 3812 .
1352 3807 1364 3812 ..
1387 3806 1448 3812 r---m-
1460 3806 1697 3812 -.—-...-—--
1708 3806 1823 3812 ——-—
1834 3806 1913 3813 -...-
1922 3807 1998 3814 -...-

433 3909 480 3972 m,
493 3907 535 3971 ao,
549 3907 580 3960 15
599 3908 660 3974 (364
678 3908 756 3964 reor.
771 3909 803 3978 [a]
821 3909 856 3977 4).

672 4031 745 4067 runs.
758 4015 999 4080 massmannum
1014 4030 1046 4066 nr
1059 4029 1163 4066 vanans
1182 4029 1228 4065 an.
1241 4027 1361 4064 sanvrnu
1374 4027 1473 4063 nrcvnr
1485 4025 1579 4062 ononu
1595 4025 1729 4062 crumnis
1746 4025 2031 4063 nnnrnaeusmnarvn.

589 4119 653 4155 rosa
668 4118 744 4155 amn:
775 4101 819 4155 Ab
838 4099 998 4155 executione
1018 4100 1062 4154 vel
1081 4117 1099 4153 a
1117 4097 1291 4168 praeiudicio
1309 4099 1493 4167 provocantes
1512 4095 1684 4150 decrevimus
1707 4113 1759 4149 non
1779 4094 1903 4159 admitti,
1923 4095 1952 4148 in
1972 4100 2031 4150 tan·

589 4191 660 4251 tum,
685 4190 718 4241 ut
741 4190 838 4242 contra
861 4186 976 4241 definita
1001 4185 1134 4240 facientes
1157 4182 1365 4254 quinquaginta
1386 4182 1473 4237 libras
1496 4181 1606 4251 argenti
1631 4181 1862 4238 condemnatione
1885 4181 2033 4237 feriantur.

589 4291 650 4327 nar.
669 4290 741 4326 ram.
761 4290 823 4328 nou.
841 4291 899 4326 rus.
919 4273 1094 4341 stationario)
1113 4289 1178 4325 mvo
1197 4288 1310 4325 murano
1329 4288 1360 4324 ar
1378 4286 1557 4324 vannoumno
1575 4286 1663 4324 consa

590 4608 607 4660 3
625 4627 673 4661 scr.
693 4605 836 4674 lituorum)
907 4606 922 4657 4
942 4625 971 4658 eo
990 4615 1099 4672 ternpore
1119 4606 1314 4656 Valentinianus
1332 4621 1384 4653 raon
1401 4604 1452 4669 fail
1471 4603 1615 4653 Mediolani

437 4862 539 4928 ΧΙ,36,
554 4859 586 4914 16
604 4856 665 4923 (364
683 4855 744 4909 Oct.
758 4853 794 4918 8).

675 4976 739 5013 mnu
758 4976 804 5012 aa.
824 4975 861 5011 an
879 4972 1047 5010 arnuncnvn
1065 4953 1260 5020 stauaruervu)
1279 4951 1372 5017 v(ns1).
1410 4948 1592 5017 Interpositns
1606 4945 1812 5016 appellationes
1830 4963 1847 4998 a
1860 4943 2037 5015 praeiudicio

592 5046 635 5102 vel
655 5047 691 5100 ab
710 5043 885 5100 exsecutione
904 5043 1068 5096 damnantes
1086 5044 1115 5095 et
1133 5058 1204 5101 eum,
1223 5037 1270 5106 qui
1290 5038 1326 5091 ab
1346 5035 1502 5090 istiusmodi
1525 5033 1617 5089 titulis
1635 5031 1838 5103 provocaverit,
1857 5035 1887 5087 ct
1905 5031 2037 5095 officium,

592 5134 666 5202 quod
683 5151 737 5187 uon
756 5129 932 5192 renuntiarit,
950 5128 1164 5198 quinquagenas
1183 5125 1293 5195 argenti
1313 5124 1399 5178 libras
1417 5125 1482 5176 fisco
1494 5123 1589 5175 nostro
1603 5120 1728 5175 iubemus
1741 5118 1848 5183 inferre,
1863 5118 1945 5173 litem
1959 5136 2038 5174 suam

593 5217 713 5274 faciente
732 5217 824 5273 iudice
842 5217 891 5286 qui
908 5216 1023 5285 recepit.
1060 5232 1120 5269 usu.
1134 5231 1184 5267 vui
1197 5231 1232 5266 ro.
1247 5229 1336 5266 coros.
1350 5227 1462 5275 numam
1476 5210 1614 5276 necturna)
1628 5225 1677 5260 xvi
1690 5223 1752 5260 nan.
1766 5223 1828 5259 nov.
1841 5223 1908 5260 mvo
1921 5222 2038 5261 romnc

593 5323 625 5359 ur
643 5322 820 5358 vnaaonmuo
838 5322 926 5358 conss.
2074 5291 2086 5331 ⁵

689 5519 711 5568 V
