4800 6400
402 733 469 786 ΗΒ.
480 735 525 786 VI.
537 732 586 785 VII
1108 735 1147 795 15
1727 733 1846 786 Tium

578 900 772 958 CORPORIS
792 902 927 958 PLENI
1048 899 1188 956 TII'VLI
1257 899 1481 956 BREVIARII
1496 901 1741 957 ALARIOIANI

427 1008 570 1062 XXXIIII.
588 1007 629 1062 De
647 1005 827 1062 mensoribus.

457 1179 569 1234 XXXV.
587 1179 628 1234 De
640 1097 797 1251 ξήνῦθςίἰε
806 1197 909 1243 eorum,
922 1178 1010 1249 quiin
1021 1196 1099 1233 sacro

624 1265 734 1336 palutio
751 1264 918 1320 militarunt.

443 1437 572 1491 XXXVI.
590 1437 631 1492 De
643 1354 793 1493 Beastmnsi
813 1437 935 1492 omnium
960 1435 1099 1507 palatino·

624 1542 686 1578 rum
703 1522 824 1593 peculio.

642 1612 706 1664 Iust.

427 1694 571 1748 XXXVII.
589 1694 630 1748 De
648 1695 771 1764 equestri
789 1695 936 1766 dignitate.

411 1865 571 1919 XXXVIII.
588 1865 630 1922 De
641 1783 896 1936 {erientissimntus
914 1865 1063 1937 dignitate.

642 1955 667 2006 R

963 2139 1071 2194 LIBER
1089 2138 1282 2194 SEPTIMVS.

550 2246 571 2298 Ι.
590 2245 629 2301 De
647 2263 676 2301 rs
694 2244 819 2300 militari.
1241 2244 1264 2298 I.
1284 2267 1316 2290 =

639 2335 666 2385 B
1301 2334 1350 2384 hoo
1371 2341 1411 2385 sst
1426 2332 1583 2398 quicumque
1604 2350 1663 2385 eum
1680 2334 1839 2400 quibuslibet

1302 2417 1418 2470 hostibus
1436 2419 1526 2484 produn
1543 2421 1623 2487 egerit
1641 2420 1702 2472 add.
1714 2420 1816 2473 NALS

534 2504 571 2558 II.
591 2503 663 2565 Quid
681 2505 799 2575 probare
814 2505 936 2561 debeant
953 2503 990 2558 sd
1002 2521 1098 2573 quum-

623 2607 740 2659 cumque
758 2589 890 2645 militium
909 2588 1059 2645 venientes.

520 2762 570 2816 ΠΙ.
590 2679 703 2824 QuisBin
721 2760 809 2832 gradu
828 2761 1008 2830 pmeissratur.

505 2937 573 2993 1111.
591 2933 631 2988 Ds
643 2850 805 3005 Zogstione
820 2931 952 2988 militaris
962 2950 1098 2988 annonae.

539 3106 572 3160 V.
590 3105 631 3160 De
644 3022 821 3161 lbxcoctione
850 3108 880 3160 et
914 3105 1099 3162 translations

624 3210 804 3247 annonarum

642 3281 667 3330 R

521 3364 571 3420 VI.
589 3364 630 3419 De
646 3363 765 3419 militari
783 3366 868 3420 veste.

505 3537 571 3592 VII.
589 3535 630 3589 De
643 3452 768 3603 basonis.

640 3624 666 3673 R

494 3709 571 3761 VIII.
591 3707 631 3761 De
649 3707 771 3762 metatis.

470 3880 565 3933 VIIII.
584 3879 624 3934 De
637 3797 763 3950 sblgamo
776 3877 935 3947 hospitibus
947 3896 1002 3932 non
1015 3895 1093 3947 prae-

622 3965 720 4021 bendo.

640 4055 666 4105 B

531 4137 566 4189 X.
584 4137 627 4191 Ne
646 4136 708 4204 quis
726 4135 755 4188 in
772 4134 889 4205 palatiis
907 4140 1029 4190 maneat.

515 4309 565 4363 XI.
584 4309 627 4363 Ne
640 4226 789 4362 bbmitibus
806 4312 835 4363 et
848 4308 967 4362 tribunis
979 4309 1094 4361 lavacra

621 4397 806 4463 praestentur.

504 4564 569 4617 XII.
587 4564 628 4618 De
640 4483 811 4619 bonimontis.

488 4735 567 4788 XIII.
586 4734 626 4789 De
639 4652 790 4791 Vnonbus.

469 4905 567 4959 XIIII.
585 4905 626 4959 De
638 4823 790 4977 burgariis.

637 4994 662 5043 R

504 5076 566 5128 XV.
584 5075 625 5130 De
644 5078 724 5132 terris
742 5078 902 5134 limitaneis.

487 5247 564 5303 XVI.
583 5247 624 5302 De
636 5166 755 5302 Vitorum
767 5252 796 5304 et
813 5249 944 5304 itinerum
957 5250 1091 5304 custodia..

468 5419 563 5474 XVII.
582 5420 622 5474 De
634 5336 750 5473 ibsoriis
769 5421 896 5474 Danuvii.

633 5508 659 5558 Β
1193 5512 1347 5565 NABOLS
