4800 6400
457 545 495 608 Η
1147 544 1211 608 m
1638 541 1923 597 mmmm

423 714 678 785 mmmm

540 838 615 876 rnre.
641 837 780 875 nonomvs
802 836 835 873 rr
859 834 1026 873 resonosrvs
1051 832 1193 871 rasonoao
1220 832 1285 871 arno
1310 832 1364 871 mn.
1392 833 1546 872 rmrrrcro
1573 835 1730 875 ranrronn.
1781 817 1919 875 Dubium

456 927 509 964 non
532 910 576 963 est
597 905 759 962 coniventia
782 903 906 959 iudicum
930 901 990 959 lieri
1011 904 1041 959 et
1064 900 1202 972 culpabili
1224 900 1447 959 dissimulatione
1470 902 1591 960 inultum
1615 905 1754 976 relinqui,
1773 906 1859 976 quod
1878 906 1917 960 ad

456 995 625 1052 turbandam
648 993 771 1063 quietem
796 989 940 1061 publicam
961 989 990 1044 in
1013 991 1205 1059 contemptum
1230 987 1406 1044 Christianae
1428 989 1584 1061 religionis,
1603 1009 1687 1062 quam
1705 990 1811 1049 debito
1832 992 1917 1048 cultu

410 1097 412 1100 ·
457 1098 633 1144 veneramur,
660 1080 712 1134 sub
738 1076 854 1148 publica
880 1074 1079 1133 testificatione
1106 1073 1274 1130 conmissum
1295 1074 1465 1132 addiscimus
1491 1079 1521 1133 at
1547 1077 1654 1148 pariter
1679 1096 1737 1134 non
1763 1078 1918 1149 punitum.

456 1168 558 1224 Vicina
576 1169 695 1238 peccato
713 1165 742 1219 in
760 1162 852 1219 iudice
870 1161 1060 1218 dissimulatio
1077 1163 1128 1227 est,
1146 1178 1230 1232 quem
1248 1160 1389 1233 ignoratio
1402 1162 1543 1218 commissi
1561 1163 1684 1219 criminis
1699 1182 1756 1221 non
1768 1165 1918 1222 defendit·
1958 1177 1970 1215 δ

458 1257 511 1312 Per
529 1252 702 1325 provinciam
720 1250 844 1305 Africam
862 1253 974 1306 tantum
991 1248 1165 1318 quorundam
1182 1246 1339 1304 temeritati
1356 1247 1469 1306 licuisse
1481 1249 1663 1321 conperimus,
1677 1253 1711 1306 nt
1722 1249 1916 1310 Christianae

458 1339 530 1412 legis
548 1337 692 1395 antistites
710 1337 745 1392 de
763 1335 886 1408 propriis
904 1334 1032 1391 domibus
1049 1337 1147 1405 raptos
1166 1334 1219 1399 vel,
1238 1334 1313 1404 quod
1330 1337 1374 1390 est
1390 1335 1522 1402 atrocius,
1540 1337 1574 1392 de
1592 1335 1729 1394 ecclesiae
1742 1337 1915 1396 catholicae

459 1425 650 1499 penetralibus
675 1427 832 1494 protractos
854 1421 1027 1477 cruciatibus
1049 1419 1165 1491 diversis
1187 1421 1346 1487 afficerent,
1364 1421 1436 1477 alios
1454 1439 1519 1478 vero
1537 1423 1574 1479 ad
1591 1422 1680 1479 solam
1697 1422 1790 1480 divini
1811 1426 1914 1482 cultus

457 1513 587 1569 iniuriam
605 1510 704 1566 avulsa
721 1508 888 1580 capillorum
906 1512 988 1578 parte
1006 1507 1133 1563 foedatos
1152 1507 1196 1564 vel
1220 1506 1277 1563 alio
1295 1506 1414 1564 iniuriae
1430 1526 1533 1580 genere
1550 1509 1720 1566 deformatos
1737 1527 1913 1567 concurren-

457 1599 528 1654 tium
550 1596 672 1668 speculis
693 1594 870 1659 exhiberent,
897 1596 929 1648 ut
955 1596 1029 1650 esset
1055 1592 1131 1647 circa
1153 1611 1200 1649 eos
1225 1593 1307 1649 venia
1327 1593 1455 1666 gravior,
1481 1613 1598 1665 quorum
1616 1594 1702 1651 saluti
1720 1593 1912 1669 contemptus
1942 1612 1968 1652 ro

458 1685 612 1756 ignoverat.
652 1681 740 1738 'lauti
758 1680 871 1738 sceleris
894 1681 972 1737 nefas
989 1682 1019 1736 et
1036 1679 1157 1736 immane
1179 1679 1322 1752 flagitium
1343 1698 1496 1751 numquam
1519 1685 1586 1738 ante
1608 1686 1773 1754 conpertum
1796 1682 1914 1740 Africa·

457 1789 554 1826 norum
572 1768 736 1825 iudiciorum
755 1767 909 1824 auctoritas
927 1784 978 1822 nec
996 1766 1120 1822 creditae
1138 1765 1194 1821 sibi
1211 1765 1364 1836 potestatis
1380 1766 1440 1823 iure
1453 1768 1629 1839 persequitur
1646 1786 1697 1825 nec
1715 1769 1818 1827 debita
1837 1789 1912 1828 cura

456 1855 592 1913 referendi
617 1856 644 1910 in
668 1859 792 1911 nostram
812 1853 881 1909 lecit
902 1852 1035 1909 notitiam
1057 1851 1211 1922 pervenire.
1254 1852 1379 1924 Ignorari
1404 1853 1440 1908 ab
1467 1852 1513 1908 his
1535 1854 1659 1925 potuisse
1682 1873 1737 1912 non
1756 1857 1913 1924 credimus,

458 1943 531 2012 qued
553 1942 729 1999 commissum
747 1941 777 1996 in
794 1939 960 1996 civitatibus
978 1938 1092 2009 publice
1109 1941 1291 2004 memoratur,
1310 1940 1386 2008 quod
1403 1938 1477 2011 iugis
1495 1943 1525 1996 et
1548 1940 1764 2011 magistratuum
1781 1947 1815 2000 et
1834 1945 1911 2000 ordi·

457 2048 524 2085 num
539 2046 614 2093 cura,
633 2027 792 2085 stationarii
810 2025 982 2098 apparitoris
994 2025 1164 2090 sollicitudo,
1182 2043 1255 2095 quae
1273 2025 1402 2082 ministra
1419 2030 1463 2083 est
1479 2025 1640 2083 nuntiorum
1652 2032 1738 2098 atque
1755 2027 1909 2099 iudicium,
1940 2046 1967 2085 ra

457 2115 603 2173 absentiae
619 2114 735 2171 exhibet
753 2117 935 2184 potestatum.
971 2112 1051 2169 Licet
1072 2112 1147 2168 enim
1167 2112 1310 2169 insinnare
1328 2112 1417 2178 levia,
1439 2113 1571 2184 graviora
1592 2114 1729 2172 reticere?
1748 2134 1806 2172 non
1825 2121 1911 2175 tacu

458 2203 556 2267 beent,
583 2202 658 2272 quod
680 2199 801 2271 propriis
821 2199 993 2256 innotescere
1014 2199 1170 2255 rectoribus
1194 2217 1244 2271 per
1266 2200 1385 2255 alterurn
1409 2199 1603 2266 formidarent,
1627 2201 1681 2256 nisi
1699 2201 1909 2276 intellegerent

457 2290 533 2345 nolle
550 2287 672 2343 iudicem
691 2286 841 2342 vindicare.
877 2286 1088 2356 Expectandum
1110 2286 1165 2342 fuit
1188 2286 1327 2343 institutis
1350 2286 1577 2343 accusationibus
1600 2292 1698 2345 contra
1720 2290 1909 2360 professionis

457 2375 589 2447 propriae
611 2372 804 2438 sanctitatem,
827 2377 859 2429 ut
881 2373 1007 2443 episcopi
1031 2391 1095 2429 suas
1117 2377 1348 2445 persequerentur
1369 2372 1486 2429 iniurias
1509 2378 1539 2430 et
1556 2392 1663 2431 reorum
1681 2392 1750 2432 nece
1768 2376 1906 2449 deposce-

458 2465 520 2519 rent
538 2460 681 2528 ultiouem,
699 2477 769 2528 quos
787 2459 892 2515 invitos
909 2460 990 2516 decet
1009 2459 1166 2515 vindicari?
1195 2459 1350 2516 Deducitur
1366 2459 1396 2514 in
1413 2459 1487 2516 banc
1505 2461 1701 2518 necessitatem
1719 2459 1821 2519 veniae
1841 2483 1905 2535 per-
1937 2476 1964 2517 so

458 2567 555 2606 suasor
572 2548 689 2611 alienae,
709 2551 874 2618 praeceptor
892 2546 1097 2618 indulgentiae,
1120 2550 1153 2602 ut
1177 2547 1212 2604 de
1238 2564 1267 2603 se
1285 2550 1336 2609 aut
1359 2547 1420 2618 ipse
1448 2551 1584 2604 tractasse
1609 2548 1755 2615 rideatur,
1779 2551 1859 2620 quod
1876 2556 1911 2610 et

458 2635 569 2708 petenti
586 2634 659 2690 alius
676 2652 730 2690 non
748 2638 871 2706 negaret,
889 2638 941 2690 ant
957 2634 1117 2706 praeceptis
1129 2635 1312 2691 obsecuturus
1326 2634 1475 2692 sacerdotii
1488 2634 1696 2693 criminosorum
1708 2635 1738 2691 vi
1757 2636 1905 2710 impunite

458 2723 612 2779 subiaceat
650 2720 803 2792 Episcopus
824 2724 854 2775 et
876 2721 947 2777 alios
973 2721 1111 2777 ecclesiae
1134 2721 1293 2778 catholicae
1315 2721 1457 2777 ministros
1478 2721 1532 2777 nisi
1557 2727 1609 2780 aut
1629 2722 1709 2794 rigor
1725 2726 1908 2794 potestatum

459 2813 510 2866 aut
528 2809 594 2865 fides
612 2806 735 2863 iudicum
753 2807 892 2863 laudabili
909 2807 1080 2864 auctoritate
1097 2811 1220 2874 tueatur,
1238 2813 1320 2865 erunt
1332 2808 1439 2865 addicti
1453 2809 1590 2866 audaciae
1601 2809 1790 2882 pessimorum
1829 2811 1908 2876 Qua·

460 2899 575 2967 propter
592 2894 726 2957 iubemus,
745 2899 778 2950 ut
795 2912 853 2959 eos,
871 2893 920 2964 qui
939 2894 1011 2949 talia
1030 2893 1199 2950 commisisse
1217 2894 1357 2960 dicuntur,
1374 2889 1545 2951 diversoium
1567 2913 1618 2967 per
1634 2895 1759 2954 Africam
1776 2894 1907 2953 iudicum
1938 2909 1964 2949 ss

459 2982 519 3038 sine
542 2982 721 3038 innocentum
743 2980 865 3037 laesione
888 2981 1014 3050 requirat
1037 2981 1204 3047 auctoritas,
1228 2999 1262 3037 ac
1285 2981 1398 3052 proprio
1416 2981 1558 3037 exhibitos
1580 2980 1714 3047 examini,
1732 2980 1757 3037 si
1776 2983 1910 3041 convinci

460 3069 609 3126 manifesta
627 3067 792 3138 probatione
811 3067 980 3139 cognoverit,
1000 3067 1151 3124 cuiuslibet
1163 3068 1312 3141 dignitatis
1330 3073 1359 3124 et
1376 3067 1489 3124 honoris
1505 3085 1566 3124 reos
1579 3069 1711 3139 probatos
1723 3071 1775 3125 aut
1787 3072 1909 3128 metallo

461 3156 557 3213 tradat
569 3158 620 3211 ant
632 3171 751 3225 poenam
764 3152 967 3225 deportationis
980 3154 1073 3211 subire
1085 3155 1236 3226 conpellet,
1249 3155 1435 3213 facultatibus
1446 3172 1540 3212 eorum
1553 3156 1618 3212 fisco
1630 3159 1723 3213 nostro
1735 3155 1862 3224 sociatis,
1874 3163 1911 3217 ut

462 3243 587 3299 habeant
597 3242 685 3297 vitam
695 3240 750 3296 sibi
758 3240 924 3297 clementiae
933 3246 1044 3297 norbae
1054 3260 1128 3298 more
1141 3260 1308 3308 concessam,
1318 3260 1391 3313 quae
1403 3242 1542 3298 similibus
1555 3260 1610 3297 non
1621 3242 1771 3298 donabitur
1779 3248 1910 3316 tempore

461 3329 554 3385 futuro
571 3328 741 3383 criminibus.
782 3328 811 3384 Si
824 3328 937 3397 quidem
950 3328 1104 3399 praesentis
1122 3329 1194 3400 legis
1213 3328 1383 3386 aeternitate
1396 3329 1503 3385 cunctis
1516 3330 1688 3386 observanda
1701 3330 1910 3401 constituimus,
1939 3341 1966 3380 ὓ

460 3415 605 3472 Theodora
618 3431 718 3485 parens
728 3414 869 3470 carissime
879 3416 970 3484 adque
982 3415 1182 3481 amantissime,
1192 3416 1267 3485 quod
1276 3414 1423 3484 inl(ustris)
1433 3414 1659 3487 magnificentiae
1668 3421 1734 3474 tuae
1745 3419 1910 3489 praelatum

460 3502 571 3567 litteris,
590 3501 800 3573 proponendum
817 3501 925 3566 edictis,
944 3502 972 3557 in
995 3502 1118 3558 omnium
1137 3503 1263 3558 volumus
1282 3501 1414 3557 notitiam
1432 3502 1593 3572 pervenire:
1647 3508 1908 3592 W
1949 3503 1955 3514 '

462 3594 504 3653 ut,
517 3594 528 3658 11
540 3589 564 3642 si
584 3588 760 3658 *quisquam*
780 3588 808 3643 in
831 3590 883 3644 hoc
906 3608 994 3660 genus
1012 3589 1153 3660 sacrilegii
1172 3590 1344 3659 proruperit,
1363 3594 1395 3645 ut
1413 3589 1440 3644 iu
1461 3589 1592 3645 ecclesias
1665 3590 1752 3660 *quis*

461 3676 616 3731 catholicas
633 3676 744 3730 inruens
762 3676 953 3732 sacerdotibus
971 3681 1000 3731 et
1012 3676 1146 3730 ministris
1166 3678 1210 3731 vcl
1229 3677 1283 3746 ipsi
1302 3677 1392 3732 cultui
1406 3678 1523 3746 locoque
1543 3676 1592 3731 ali-

460 3763 528 3832 quid
551 3763 675 3832 inportet
697 3761 827 3825 iniuriae,
851 3763 925 3830 quod
948 3767 1071 3832 geretur,
1090 3761 1193 3818 litteris
1213 3763 1350 3827 ordinum,
1373 3763 1592 3834 magistratuum
1939 3772 1964 3811 ³⁵

462 3854 491 3906 et
511 3849 674 3904 *curatoris*
695 3854 724 3904 et
742 3848 857 3904 notoriis
875 3849 1076 3918 apparitorum,
1095 3868 1163 3917 ‹luos
1175 3849 1356 3905 stationarios
1373 3851 1528 3920 appellant,
1547 3853 1591 3908 de·
1664 3849 1842 3906 *curatorum*

462 3940 568 3993 feratur
594 3936 622 3990 in
649 3936 781 3990 notitiam
805 3940 992 4005 potestatum,
1016 3936 1058 3990 ita
1076 3941 1108 3991 ut
1127 3937 1265 3991 vocabula
1284 3955 1391 4001 eorum,
1411 3938 1458 4005 qui
1478 3940 1592 4010 agnosci

463 4023 615 4095 potuerint,
634 4023 817 4078 declarentur.
853 4023 929 4078 Etsi
950 4042 999 4092 per
1017 4022 1226 4078 multitudinem
1246 4023 1422 4078 commissum
1440 4025 1551 4088 dieitur,
1570 4026 1593 4079 si

463 4130 517 4166 non
535 4129 636 4172 omnes
656 4113 771 4180 possunt
789 4113 882 4163 tamen
901 4109 1040 4178 aliquanti
1055 4110 1192 4179 cognosci,
1206 4128 1321 4177 quorum
1335 4110 1505 4167 confessione
1524 4111 1594 4167 soci·

463 4218 541 4254 crum
559 4198 671 4252 nominu-
685 4197 870 4266 publicentur.
901 4198 999 4265 Adque
1012 4197 1054 4252 ita
1067 4197 1229 4266 provinciae
1242 4198 1406 4260 moderator,
1420 4199 1595 4253 sacerdotum

462 4290 491 4342 ct
510 4284 668 4340 catholicae
688 4283 822 4338 ecclesiae
840 4282 1036 4348 ministrorum,
1055 4282 1108 4338 loci
1129 4302 1238 4352 quoque
1257 4283 1345 4353 ipsius
1362 4289 1391 4339 ct
1403 4283 1491 4338 divini
1504 4286 1596 4339 cultus

463 4372 593 4427 iniuriam
618 4370 735 4440 capitali
760 4370 788 4423 iu
813 4369 955 4424 convictos
980 4371 1054 4426 *vel*
1080 4372 1218 4426 confessos
1245 4389 1304 4426 reos
1328 4371 1468 4427 sententia
1487 4372 1596 4427 noverit
1667 4368 1752 4423 *siue⁴

465 4459 660 4513 vindicandam
688 4475 737 4512 nce
769 4460 912 4526 expectet,
937 4461 968 4511 ut
995 4458 1142 4527 episcopus
1166 4457 1285 4513 iniuriae
1309 4457 1438 4528 propriae
1462 4458 1595 4514 ultionem

465 4548 605 4616 deposcat,
616 4543 851 4600 cui'mcerdoti?
864 4544 1000 4599 sauctitas
1013 4544 1173 4615 ignoscendi
1187 4546 1274 4599 solam
1287 4544 1406 4615 glorium
1418 4544 1595 4614 derelinquit.
1668 4550 1831 4605 *sacerdotri*
1859 4574 1910 4606 our.

464 4727 518 4776 xiiii
537 4734 596 4776 crite
614 4724 761 4810 dubiumZ
837 4721 1148 4810 '2oonlribentiaZ·
1247 4720 1281 4773 22
1299 4722 1461 4805 sacerdoti]
1527 4723 1554 4773 ui
1572 4723 1606 4814 im
1626 4719 1706 4788 unite]
1724 4721 1816 4786 scripsi
1833 4722 1911 4773 darbi-

464 4795 616 4931 {ltin
632 4792 856 4926 {bamur
875 4792 1104 4927 utillud?
1123 4811 1159 4843 ¹¹¹'
1213 4788 1916 4913 ’11111111162291111113111.ἱέ

466 4936 498 4985 14
517 4933 593 5000 iugis]
614 4933 700 4995 Sceclc,
719 4934 773 4998 iugi
789 4932 814 4980 Z
876 4930 908 4982 15
926 4942 1003 4998 atque
1027 4929 1158 4997 indicium]
1213 4927 1309 4996 nanda]
1329 4929 1554 4982 obseruandamZ
1663 4929 1695 4981 31
1715 4930 1912 4996 magnificentia

465 5006 564 5069 acrisia,
583 5020 633 5070 que
652 5004 678 5053 in
698 5001 859 5053 indiciumZ
927 5002 959 5051 16
977 5001 1129 5052 obsentiaZ
1213 5000 1297 5051 tuaZ
1371 5000 1405 5051 35
1423 5001 1521 5066 geritur
1538 4998 1584 5049 Tlr.
1662 4996 1696 5049 36
1715 5000 1820 5050 notoriis
1849 5000 1910 5067 Ta,

467 5073 540 5135 lbill
561 5070 711 5138 tacuissent]
730 5073 829 5136 scripsi,
848 5072 995 5122 tacuisseZ
1053 5068 1085 5119 ll
1104 5088 1159 5138 pro·
1212 5070 1355 5120 notariisZ
1403 5069 1437 5120 38
1454 5069 1553 5120 dicetur
1568 5068 1616 5118 ΤΙι.
1664 5066 1699 5118 40
1717 5069 1820 5119 nomina
1850 5070 1912 5130 Ta,

466 5144 587 5212 priamZ
640 5142 814 5193 l'ormidareZ
892 5140 925 5190 la
943 5139 1095 5191 iudecean
1212 5139 1363 5189 omniumZ
1411 5137 1444 5189 41
1463 5135 1593 5203 ecclesiae]
1608 5137 1764 5197 Tlr.,orn.Z
1817 5137 1852 5189 42
1870 5138 1909 5207 in]

468 5215 499 5265 19
517 5214 629 5280 episcopi
656 5230 675 5262 s.
695 5207 918 5277 persequerentur]
937 5209 1039 5273 scripsi,
1064 5210 1159 5273 episco·
1218 5208 1275 5270 ra,
1293 5208 1378 5259 cm.Z
1430 5205 1464 5256 44
1482 5204 1684 5273 secerdotiile,
1703 5207 1909 5274 sacerdotioZ⁸,

466 5301 514 5351 pus
533 5301 552 5334 s.
572 5281 803 5349 persequereturZ
856 5296 943 5330 eorum
958 5277 982 5326 Z
1064 5275 1099 5326 20
1117 5295 1159 5329 ne·
1213 5295 1260 5327 cnr.
1278 5276 1323 5325 rt.
1399 5274 1533 5343 sauctitas]
1557 5276 1620 5340 Tu,
1639 5277 1781 5329 sanctitatis
1799 5277 1825 5328 Z

466 5352 618 5406 cessitateZ
687 5349 720 5401 21
739 5360 786 5402 aut
803 5346 867 5417 ipse]
886 5348 984 5413 tempsi,
1004 5363 1054 5396 uon
1074 5347 1163 5414 ipseZ
1183 5348 1186 5411 Ι
1211 5347 1346 5412 dereliquit
1364 5346 1412 5396 Tc.
