4800 6400
576 711 626 780 XI
650 718 690 781 30
714 718 842 784 63-65
1267 718 1330 782 640
1405 718 1452 770 DE
1469 714 1788 772 sermusrrortmvs
1804 715 1853 771 ΕΤ
1869 714 1996 772 martis
2013 717 2119 773 mitt

577 886 684 942 duobus
710 887 816 944 exactis
842 885 984 942 mensibus
1009 886 1069 943 dies
1099 886 1137 943 sit
1162 887 1279 944 ultimus
1306 887 1470 957 temporalis
1498 890 1528 942 et
1553 887 1629 944 intra
1650 886 1772 960 triginta
1796 887 1860 944 dies
1883 888 2030 960 reparatio

576 975 742 1044 postuletur.
780 973 836 1028 Ubi
855 991 920 1028 vero
938 973 967 1027 iu
986 973 1157 1044 longioribus
1175 992 1209 1029 ac
1227 974 1341 1030 remotis
1359 973 1511 1044 provinciis
1528 974 1627 1031 eadem
1650 974 1710 1029 litis
1734 991 1769 1030 ac
1787 974 1939 1031 dilationis
1956 976 2029 1032 ratio

577 1059 749 1129 pensabitur,
768 1060 804 1114 ad
822 1076 917 1114 eorum
935 1059 1031 1123 instar,
1044 1076 1113 1127 quos
1131 1077 1148 1114 a
1167 1059 1322 1115 rectoribus
1340 1060 1546 1129 provinciarum
1564 1078 1714 1130 eorumque
1732 1060 1883 1117 sententiis
1895 1060 2029 1119 convenit

576 1146 735 1217 appellare,
757 1165 805 1202 sex
828 1164 952 1202 mensum
976 1145 1139 1216 temporalis
1161 1145 1235 1211 dies,
1261 1147 1346 1202 trium
1368 1146 1555 1218 reparationis
1576 1146 1687 1204 nominc
1713 1146 1817 1203 dilatio
1846 1147 2027 1217 praebeatur·

577 1251 638 1287 nir.
657 1250 722 1288 xm1
741 1234 1177 1301 rsa.1sn,consnn(nrr)nor>(on1)
1195 1250 1354 1288 erumnose
1372 1251 1393 1288 11
1412 1251 1444 1287 ιιι
1462 1250 1604 1289 surmio
1621 1249 1711 1288 conss
2061 1246 2073 1284 s

669 1375 694 1426 V

577 1478 593 1530 4
612 1478 675 1544 dics]
693 1479 791 1545 scripsi,
810 1479 861 1530 diei
877 1477 902 1528 V

421 1631 469 1697 ιι,
483 1630 525 1696 so,
538 1631 572 1684 ιι
591 1634 652 1702 (412
671 1632 732 1687 oet.
745 1635 794 1703 ιι).

663 1753 737 1791 mer.
757 1740 914 1807 nonontrvs)
933 1755 965 1793 nr
987 1739 1371 1807 rusontosrvs)u.1vumno
1392 1739 1581 1806 rnoc(onsvn1)
1600 1738 1745 1806 amotis).
1781 1736 1853 1793 Non·
1863 1735 2029 1807 ignoramus

576 1829 641 1893 post
669 1823 864 1894 interpositam
887 1825 1116 1894 provocationem
1138 1824 1168 1878 in
1192 1824 1285 1879 causis
1308 1824 1450 1879 fiscalibus
1468 1823 1626 1893 antiquitus
1649 1821 1846 1888 constitutum,
1869 1826 1906 1876 ut
1925 1821 2029 1893 viginti

576 1908 635 1964 dies
653 1908 801 1965 constituti
819 1910 894 1965 intra
913 1910 1088 1980 provinciam
1108 1911 1257 1967 videantur
1274 1917 1303 1966 et
1322 1914 1354 1966 ut
1371 1911 1444 1966 sacri
1462 1909 1595 1966 auditorii
1619 1909 1777 1980 cognitores
1794 1907 1912 1965 divinae
1929 1908 2028 1964 domus

576 1996 691 2067 negotia
710 1996 901 2062 terminarent,
920 2015 953 2054 cx
973 1998 1106 2068 contigua
1126 2015 1190 2053 vero
1209 1997 1356 2068 provincia
1377 1997 1452 2052 intra
1474 1996 1663 2068 quadraginta
1680 1995 1741 2052 dies
1758 1994 1876 2067 negotia
1893 1994 2027 2050 universa

576 2081 772 2154 discingereut.
809 2082 911 2139 Verum
935 2082 1071 2139 serenitas
1093 2085 1188 2137 nostra
1213 2085 1319 2137 certum
1346 2081 1523 2137 moderamen
1548 2080 1664 2137 invenit.
1705 2079 1900 2151 Praecipimus
1917 2079 2026 2149 itaque,
2061 2090 2072 2128 ι

577 2174 609 2225 ut
628 2173 741 2238 praeter
759 2170 810 2225 hos
830 2169 931 2242 viginti
951 2170 1018 2235 dies,
1037 2187 1106 2238 quos
1124 2169 1168 2224 lex
1187 2172 1309 2239 augusta
1333 2168 1489 2233 constituit,
1512 2167 1616 2240 viginti
1638 2166 1709 2223 ulios
1731 2167 1919 2239 iungeremus.
1956 2165 2028 2229 Quo

576 2274 636 2309 rum
649 2255 761 2324 quidem
774 2256 896 2311 omnium
910 2258 980 2312 haec
998 2256 1053 2312 erit
1071 2257 1160 2310 torma
1178 2256 1323 2320 servanda,
1342 2258 1381 2319 ut,
1400 2272 1575 2324 quocumque
1593 2253 1639 2309 die
1657 2272 1691 2310 ex
1709 2253 1830 2309 adiectis
1843 2252 1950 2324 viginti
1969 2252 2027 2308 die

575 2342 627 2396 bus
645 2342 731 2398 fuerit
748 2341 894 2414 negotium
911 2346 1085 2415 peroratum,
1108 2341 1180 2397 sacri
1206 2340 1339 2396 auditorii
1362 2341 1466 2397 habere
1482 2339 1669 2397 reverentiam
1687 2340 1828 2397 iudicetur
1845 2338 1941 2408 sitque
1960 2337 2028 2394 ulti·

576 2446 649 2493 mus,
668 2428 779 2484 etiamsi
797 2447 851 2484 non
869 2428 1118 2500 quadragensimus
1143 2429 1338 2499 conprobatur.
1375 2426 1453 2490 Quae
1476 2426 1579 2482 idcirco
1603 2427 1645 2484 ita
1667 2425 1851 2483 custodienda
1876 2425 2028 2499 sancimus,

576 2533 618 2581 ne,
637 2516 660 2570 si
679 2515 761 2571 unius
779 2519 890 2570 tautum
908 2515 1103 2571 observabitur
1120 2515 1187 2580 dies,
1207 2518 1257 2570 ant
1275 2515 1423 2585 aegritudo
1442 2513 1597 2569 iudicantis
1615 2518 1666 2570 aut
1683 2511 1826 2584 litigantis
1839 2510 1929 2568 fuerit
1944 2529 2026 2567 occu·
2054 2520 2074 2558 ιθ

577 2601 664 2671 patio,
681 2608 757 2657 recte
775 2602 954 2672 praefinitum
973 2608 1084 2671 tempus
1104 2601 1245 2656 interdum
1267 2600 1409 2655 distulisse
1433 2601 1568 2656 videatur.
1605 2601 1725 2670 Ideoque
1742 2600 1817 2655 banc
1835 2598 2025 2655 reverentiam

576 2687 686 2742 cunctis
703 2686 755 2752 his,
773 2687 822 2757 qui
841 2686 1016 2757 superadditi
1035 2688 1108 2751 sunt,
1128 2686 1227 2741 dicbus
1244 2687 1422 2741 statuendam
1441 2704 1500 2741 esse
1519 2685 1689 2747 censuimus,
1713 2688 1746 2740 ut
1769 2683 1842 2740 nihil
1861 2688 1965 2755 postea
1982 2702 2027 2739 ex·

576 2773 729 2828 cusationis
747 2778 882 2828 occurrat.
919 2773 1024 2828 Labsos
1041 2772 1116 2828 enim
1134 2778 1198 2843 post
1217 2774 1269 2828 hoc
1288 2775 1399 2843 tempus
1411 2771 1618 2842 reparationem
1630 2771 1820 2843 praecipimus
1837 2789 1894 2826 non
1906 2771 2027 2826 habere:

576 2879 609 2915 ac
628 2878 662 2915 ue
680 2859 773 2914 medio
790 2864 916 2930 ternpore
933 2859 1018 2914 officii
1037 2859 1191 2913 colludium
1210 2859 1322 2914 differat
1339 2858 1515 2929 litigantem,
1535 2858 1639 2929 viginti
1664 2859 1798 2913 librarum
1822 2856 1885 2911 auri
1905 2856 2028 2912 multam

576 2945 765 3016 praecipimus
792 2945 943 3009 imminere,
971 2950 1016 3010 ut,
1044 2945 1069 2999 si
1095 2963 1189 3001 eorum
1215 2946 1300 3014 culpa
1327 2949 1412 3013 atque
1435 2944 1570 3008 colludio,
1594 2961 1663 3013 quos
1686 2943 1854 3015 suggerendi
1873 2960 1943 2998 cura
1960 2960 2025 2998 cou-
2052 2948 2074 2987 ¹⁵

576 3031 700 3104 stringit,
718 3031 862 3102 negotium
880 3032 1013 3086 claruerit
1030 3031 1115 3086 tuisse
1134 3031 1263 3096 dilatum,
1283 3031 1473 3101 praescribtae
1497 3030 1603 3086 multae
1622 3033 1772 3086 teneantur
1789 3029 1913 3084 obnoxii.
1949 3028 1980 3084 Si
1999 3029 2027 3083 in

577 3121 626 3186 tot,
643 3119 743 3173 diebus
761 3117 936 3172 utilitatibus
953 3117 1011 3171 suis
1029 3135 1083 3172 non
1102 3117 1224 3172 adfuerit
1246 3117 1389 3188 litigator,
1414 3116 1458 3171 cui
1485 3117 1618 3172 adversus
1640 3117 1735 3171 liscum
1753 3120 1880 3172 nostrum
1898 3115 2025 3188 iurgium

578 3211 680 3270 manet,
703 3224 813 3261 emenso
830 3206 887 3259 iam
906 3211 1030 3275 tempore
1050 3204 1154 3260 nullius
1173 3203 1359 3275 reparationis
1376 3203 1542 3259 beneficium
1560 3207 1662 3274 speret,
1680 3204 1769 3258 solum
1786 3203 1852 3259 tisco
1870 3202 2028 3259 exsecutio

546 3294 557 3347 1
578 3308 641 3345 nem
660 3308 802 3360 superesse
820 3292 877 3345 iam
895 3290 1013 3347 noverit.
1083 3292 1114 3344 ln
1134 3289 1274 3361 contiguis
1291 3309 1401 3360 quoque
1420 3290 1580 3361 provinciis,
1598 3290 1628 3344 in
1641 3289 1743 3358 quibus
1755 3289 1948 3360 quadraginta
1966 3290 2028 3346 dies

578 3375 657 3430 dedit
681 3376 851 3446 antiquitas,
879 3377 930 3431 sub
957 3376 1043 3430 simili
1071 3376 1233 3431 condicione
1254 3377 1326 3431 alios
1350 3376 1428 3430 XXX
1452 3376 1512 3431 dies
1535 3375 1614 3448 iungi
1639 3375 1842 3446 praecipimus,
1867 3379 1901 3430 ut
1920 3373 2027 3431 adiecti
2052 3378 2076 3417 ¹⁰

578 3461 713 3533 temporis
731 3464 855 3533 spatium
872 3464 924 3517 sub
942 3481 976 3518 ea
995 3463 1155 3517 definitione
1174 3462 1336 3518 custodiant
1355 3467 1384 3518 et
1402 3463 1477 3517 omni
1496 3462 1606 3518 adiecto
1625 3462 1745 3533 tempori
1764 3461 1802 3517 sit
1819 3460 1880 3515 dies
1899 3460 2028 3527 ultimus,

578 3567 753 3619 quocumque
780 3550 905 3620 potuerit
931 3550 1048 3604 definiri.
1095 3550 1212 3605 Emenso
1243 3553 1337 3604 tamen
1365 3554 1490 3620 tempore
1519 3548 1647 3619 litiganti
1674 3547 1882 3620 reparationem
1911 3547 2028 3618 penitus

578 3636 708 3689 iussimus
731 3635 861 3690 inhiberi.
901 3636 1028 3690 Officium
1052 3654 1118 3690 sarie
1142 3637 1177 3690 ad
1200 3636 1317 3690 eandem
1341 3636 1458 3689 multam
1484 3634 1672 3706 praecipimus
1694 3634 1823 3699 retineri,
1849 3633 1872 3687 si
1893 3633 1954 3689 eius
1973 3633 2027 3689 dis·

578 3722 756 3776 simulatione
769 3725 816 3776 act
819 3741 863 3776 um
877 3743 935 3777 csse
950 3722 1106 3777 constiterit
1109 3722 1276 3791 ,quominus
1289 3722 1431 3791 negotium
1447 3725 1597 3791 peroretur.
1625 3738 1685 3775 nnn.
1698 3740 1734 3775 ιιι.
1749 3738 1839 3776 ocnos.
1853 3723 2026 3789 navtunnsn)

578 3812 1249 3878 nosontro)vrn1mrunonosrolvnn.cosss
2053 3810 2078 3849 ’ὅ

579 3901 679 3907 ...—...
706 3902 920 3910 --.-———-

673 3952 694 4000 ,ι

578 4073 621 4139 913
638 4076 727 4123 viratim
754 4082 782 4124 ut
808 4075 898 4140 uiginti
926 4073 1016 4123 diebus
1044 4075 1177 4123 constituti
1206 4074 1274 4123 intra
1299 4075 1302 4124 i
1330 4070 1361 4122 10
1379 4070 1466 4136 nnius]
1486 4089 1553 4122 nnus
1573 4073 1748 4137 (ιόιΙιιιῙνειίιιι
1842 4072 1921 4121 fuerit
1940 4071 2028 4122 deleu-

578 4146 733 4210 proxinciam
753 4146 819 4193 sacri
839 4142 899 4207 (dcl.
919 4145 1055 4193 sulcantur
1073 4152 1098 4192 et
1117 4150 1155 4276 u]tl
1175 4152 1218 4191 cet.
1300 4153 1303 4242 ,
1327 4142 1388 4190 duru
1454 4140 1482 4189 li
1502 4142 1631 4207 litigatrrs
1649 4141 1670 4188 V
1677 4143 1684 4171 ¹
1745 4138 1777 4191 18
1798 4148 1883 4207 speret
1901 4150 1926 4191 et
1945 4142 2026 4191 solam

577 4215 754 4278 ‘icontingua
779 4212 815 4261 l·
919 4212 935 4261 5
958 4210 1138 4278 praecipimus]
1163 4220 1275 4274 expectes
1329 4210 1505 4276 (lotlrofredus
1609 4209 1639 4260 21
1664 4211 1780 4261 adeiccto
1803 4220 1918 4275 tempore
1939 4208 1962 4259 V

579 4283 736 4349 proricliurns
841 4278 985 4345 Sbnbere]
1008 4283 1120 4346 sortasse
1144 4298 1188 4347 pur
1300 4251 1335 4342 l
1329 4278 1539 4345 ttpaenitust'

424 4439 471 4502 xl,
485 4435 652 4503 contub
673 4433 803 4503 Aug.2tll

665 4554 729 4590 ιιιιιι
750 4555 795 4590 ιιι.
818 4553 967 4590 sruuncuo
990 4540 1175 4590 puolonsuant
1199 4538 1347 4602 nsnrctnn).
1384 4536 1620 4591 lraescribtiones
1643 4536 1726 4591 tori
1718 4554 1747 4589 nr
1772 4533 1915 4604 principio
1935 4551 1952 4588 a
1971 4533 2028 4587 liti·

577 4623 724 4692 gatoribus
742 4623 922 4692 obponendas
939 4640 998 4677 essc
1017 4623 1110 4691 legum
1129 4622 1255 4676 decrerit
1243 4622 1513 4690 tauctoritnslluec
1536 4622 1572 4676 ab
1591 4622 1813 4677 interlocutioni·
1863 4607 1965 4706 llltlu.
1956 4637 2025 4674 1vsr.

578 4711 630 4764 bus
648 4710 849 4779 appellandum
868 4728 888 4763 ι
885 4726 926 4763 sse
946 4709 1091 4762 duxerunt.
1128 4708 1207 4769 Quod
1233 4707 1255 4760 si
1279 4707 1341 4775 quis
1330 4708 1394 4761 id
1413 4707 1523 4771 fecerit,
1499 4708 1774 4777 tproeiudicialem
1792 4708 1913 4764 multam
1932 4708 2026 4763 subire

579 4802 706 4865 cogetur.
729 4814 801 4864 quae
825 4794 924 4863 priscis
948 4793 1140 4848 sanctionibus
1164 4794 1331 4849 continetur
1372 4795 1430 4848 Hac
1456 4795 1543 4864 igitur
1562 4796 1623 4863 lege
1642 4796 1794 4858 sancimus,
1814 4800 1846 4848 ut
1864 4794 2026 4865 appellatio

578 4881 752 4952 litigantium
778 4880 853 4934 intra
884 4886 994 4948 tenipus
1022 4879 1080 4933 iurc
1109 4879 1312 4947 praescribtum
1338 4886 1468 4949 susceptu
1496 4885 1625 4936 nectatur
1652 4881 1800 4935 annalibus
1828 4883 1858 4936 et
1889 4881 2027 4950 promissa

578 4968 679 5022 relntio
702 4967 776 5021 intra
801 4966 877 5019 XXX
901 4965 960 5019 dics
984 4966 1093 5035 legibus
1116 4965 1245 5019 definitos
1267 4967 1302 5019 sul
1325 4985 1404 5021 sacru
1427 4967 1527 5020 scrinia
1551 4967 1713 5022 destinetur.
1751 4968 1840 5033 Quam
1860 4968 1954 5037 legem
1972 4967 2027 5021 nisi

579 5056 606 5109 iu
625 5055 754 5108 onruibus
772 5053 863 5106 cnitrsis
881 5051 1070 5106 universorum
1091 5052 1213 5105 iudicum
1233 5058 1260 5106 ct
1280 5053 1432 5106 olliciorurn
1452 5054 1579 5107 executio
1593 5055 1695 5107 devota
1707 5052 1870 5109 servaverit.
1884 5058 2027 5108 statutum

579 5141 678 5210 pris
624 5141 678 5194 scis
700 5139 890 5194 sanctionibus
913 5138 1018 5192 inultae
1046 5138 1156 5191 modurn
1180 5138 1216 5192 ab
1240 5139 1284 5191 liis
1307 5158 1368 5192 rnox
1389 5139 1514 5193 iubentus
1533 5140 1653 5209 exculpi.
1690 5157 1751 5193 nir.
1772 5157 2024 5195 venustemus

580 5230 748 5294 usstassais)
762 5227 905 5323 noscano)
920 5242 938 5278 x
958 5243 989 5278 ιτ
1006 5227 1177 5291 rusortosrol
1197 5242 1225 5277 ιι
1244 5243 1289 5277 ιι
1308 5242 1395 5277 conss.

674 5319 1002 5429 11-1tsT.8,:'3‚1l.

580 5488 596 5540 9
615 5487 643 5553 x]
663 5489 688 5538 xi
709 5488 804 5546 lust(
790 5488 909 5546 (Srrrruuu
931 5488 1002 5548 Pcr,¹
