4800 6400
263 723 266 768 i
286 717 611 771 maturioulsvs
628 719 673 770 ΕΤ
689 719 811 771 roms
828 718 949 771 EARVM
1074 720 1136 784 633
1562 720 1613 786 XI
1635 725 1676 787 30
1700 725 1826 788 33-37
1911 722 1915 728 ’

263 931 269 955 ,
284 889 329 954 30,
341 887 376 944 33
393 886 457 956 (364
474 886 551 957 Sept
562 888 612 955 12).

463 1009 530 1047 man
549 1010 596 1047 aa.
615 1010 653 1047 nn
672 1009 847 1048 omoorrms
865 995 1021 1061 Vidulum)
1040 995 1185 1064 irsrciss).
1222 993 1396 1064 Quicumque
1415 995 1537 1051 iudicum
1556 995 1688 1052 adversus
1705 997 1827 1053 auctori·

378 1083 468 1136 tatem
489 1080 563 1152 legis
584 1079 793 1149 appellationes
817 1078 986 1152 neglexerit,
1010 1080 1137 1152 protinus
1159 1081 1252 1136 officio
1276 1084 1338 1146 tuo,
1358 1099 1411 1137 non
1429 1081 1587 1146 rationalis,
1607 1082 1769 1140 imminente
1787 1085 1824 1139 ad

380 1165 482 1238 viginti
499 1165 714 1228 librarumauri
731 1167 928 1224 exsolvendam
946 1168 1065 1223 multam
1083 1171 1206 1238 cogetur,
1225 1167 1268 1223 ita
1285 1170 1318 1222 ut
1335 1172 1365 1225 et
1382 1167 1504 1223 officium
1522 1168 1582 1225 eius
1601 1169 1719 1239 triginta
1737 1169 1822 1225 simili

380 1252 525 1309 eeleritate
548 1252 692 1309 dissolvat.
733 1271 794 1308 oar.
819 1272 891 1310 ram.
914 1273 950 1310 m.
976 1272 1048 1310 sm.
1069 1256 1251 1325 inuuunt
1276 1254 1416 1324 souma)
1440 1271 1513 1310 xvm
1538 1272 1602 1312 nt.
1623 1273 1681 1312 osc.
1710 1272 1825 1310 rioms

380 1355 445 1394 urvo
463 1355 578 1393 ramo
596 1356 629 1393 rr
646 1356 825 1395 vasaerraro
842 1357 931 1395 uorsa

472 1514 497 1564 V
509 1512 579 1580 (mam
596 1515 710 1574 Scissa).

264 1686 273 1748 ',
286 1682 330 1749 30,
342 1682 376 1738 34
395 1683 458 1751 (334
475 1683 546 1739 Nor.
559 1685 595 1753 9).

467 1805 534 1843 mn
560 1806 606 1844 aa
635 1807 673 1845 au
698 1806 872 1845 amacura
895 1792 1092 1861 manumissi)
1116 1792 1210 1860 usar).
1254 1791 1284 1847 Si
1306 1790 1454 1861 quisquam
1478 1809 1563 1848 ausus
1589 1792 1823 1850 consultationem

380 1872 460 1944 sequi
478 1873 553 1930 circa
570 1874 669 1931 limina
687 1875 790 1946 palatii
807 1875 896 1932 nostri
920 1876 1121 1933 comitatumva
1144 1877 1231 1934 fuerit
1253 1878 1452 1949 deprehensus,
1471 1878 1639 1937 aestimatae
1659 1879 1734 1945 litis,
1753 1897 1825 1950 quae

381 1958 410 2014 in
433 1959 650 2017 controversiam
672 1962 766 2027 venit,
787 1961 968 2019 medietatem
989 1962 1018 2018 in
1043 1981 1110 2019 auro
1133 1968 1219 2034 atque
1241 1970 1357 2036 argento
1380 1965 1440 2021 fisci
1458 1964 1564 2021 viribus
1581 1966 1682 2023 inferre
1701 1969 1824 2038 cogetur.

348 2047 361 2102 1
381 2046 466 2102 ludex
484 2065 558 2111 sane,
576 2047 625 2117 qui
643 2047 809 2105 relationem
826 2047 993 2119 promiserit,
1010 2048 1064 2104 nisi
1083 2048 1158 2105 intra
1176 2049 1296 2122 triginta
1313 2050 1373 2107 dies
1386 2051 1480 2108 dictae
1491 2051 1648 2109 sententiae
1660 2052 1825 2122 promissam

379 2132 546 2190 relationem
572 2135 609 2190 ad
635 2138 731 2191 nostra
757 2135 861 2190 scrinia
887 2135 1049 2201 destinarit,
1074 2136 1135 2206 ipse
1157 2136 1270 2206 quidem
1296 2137 1417 2194 notabili
1440 2138 1581 2194 sententia
1597 2139 1781 2209 reprehensus
1798 2138 1824 2192 X

380 2218 515 2276 librarum
534 2221 595 2276 auri
613 2221 843 2279 condemnatione
861 2221 1013 2292 quatietur,
1031 2222 1154 2278 officium
1173 2242 1238 2280 vero
1256 2224 1324 2292 eius,
1342 2225 1417 2293 quod
1432 2243 1487 2281 non
1499 2224 1671 2296 suggesserit
1683 2244 1735 2281 nac
1753 2243 1824 2281 com·

381 2307 519 2363 monuerit
545 2309 580 2365 de
606 2308 752 2365 relationis
780 2309 960 2375 necessitate,
988 2308 1089 2381 viginti
1116 2308 1197 2365 libris
1221 2310 1284 2366 auri
1306 2311 1356 2367 fiat
1378 2309 1535 2366 obnoxium.
1576 2329 1638 2366 oar.
1663 2329 1681 2366 v
1705 2329 1742 2366 m.
1760 2328 1824 2368 nov.

380 2394 557 2462 anatome)
575 2412 641 2449 orvo
659 2412 774 2450 remo
791 2413 825 2450 rr
843 2413 1022 2451 vasaormso
1039 2413 1128 2451 cossa

474 2570 499 2620 V
513 2576 582 2635 (mss
601 2572 714 2639 Solate).

264 2739 594 2813 ,30,35(370Aug.1).

467 2863 534 2900 msa
551 2864 598 2901 nn.
618 2865 656 2903 au
675 2863 820 2902 noomrvrs
841 2847 1040 2917 maranensis)
1060 2846 1242 2917 mmmmm.
1277 2846 1386 2903 Cuncta
1408 2846 1602 2913 instrumenta,
1620 2864 1693 2916 quae
1711 2844 1825 2902 iudiciis

381 2930 541 2998 offeruntur,
559 2932 688 2989 subiecta
706 2932 906 2990 consultationi
923 2936 1005 3005 gesta
1022 2933 1166 2990 continere
1184 2933 1335 2990 debebunt.
1370 2933 1472 2990 Sedet
1489 2936 1570 2998 acta,
1594 2949 1666 3003 quae
1683 2930 1741 2987 sint
1759 2933 1825 2988 ante

381 3016 494 3084 habita,
517 3021 547 3075 et
568 3022 747 3076 monumenta
770 3019 987 3076 transmittenda
1009 3023 1087 3086 sunt,
1110 3019 1211 3090 hisque
1236 3020 1412 3076 adnectenda
1434 3022 1500 3075 sunt
1517 3017 1681 3076 testimonia
1699 3018 1744 3074 vel
1763 3035 1825 3073 con·

381 3102 514 3161 sessiones
531 3104 656 3176 partium
673 3110 703 3163 et
720 3105 814 3161 omnia
832 3106 998 3171 huiusmodi,
1017 3105 1046 3161 in
1064 3106 1166 3177 quibus
1184 3124 1270 3163 eausa
1288 3106 1416 3162 consistit
1434 3109 1464 3162 et
1481 3106 1585 3162 habere
1603 3105 1709 3162 exitum
1728 3103 1820 3161 videa·

382 3190 436 3245 tur.
471 3208 533 3246 oar.
552 3210 616 3249 m
633 3211 697 3249 sve.
716 3194 943 3264 monocolon)
961 3194 1189 3264 varlasrmpso
1207 3212 1240 3249 rr
1258 3210 1382 3250 vatam
1399 3213 1447 3249 m.
1465 3210 1553 3249 corsa

473 3368 498 3418 V

379 3488 397 3542 2
414 3494 584 3545 consulationi
599 3494 624 3544 V
705 3492 748 3558 314
766 3496 929 3548 confusiones
950 3495 987 3546 7ι
1127 3497 1198 3548 locas
1217 3494 1331 3548 meludit
1348 3512 1374 3546 a.
1387 3497 1436 3547 373

380 3559 519 3629 5proptar
536 3581 635 3615 annam
655 3565 712 3617 vide
734 3565 772 3616 ad
796 3569 919 3630 9,16,8,·
936 3574 1074 3631 praetereo

386 3669 621 3681 -.—.—.‚-.-
648 3676 809 3682 --.-.

264 3775 270 3798 ,
283 3732 327 3799 30,
341 3732 375 3788 36
395 3730 459 3800 (374
476 3732 556 3787 Febr.
570 3733 621 3799 14).

465 3853 558 3891 urar.
577 3838 829 3906 ranunculum,
849 3854 954 3892 smnus
972 3854 1004 3891 rr
1021 3835 1196 3904 os(sr1)suvs
1215 3832 1759 3902 au.suavrsnx1vnr(anmscrvu)v(
1808 3831 1827 3896 ).

379 3938 445 3976 ross
462 3938 543 3977 ania:
580 3923 649 3978 Cum
671 3943 704 3980 ex
730 3924 822 3980 causis
846 3923 927 3979 iustis
950 3921 1071 3993 aliquid,
1089 3940 1145 3992 quo
1163 3921 1254 3976 minua
1278 3920 1397 3975 iudicari
1415 3919 1513 3975 statim
1532 3917 1633 3989 possit,
1651 3915 1828 3987 repperietur

378 4005 517 4064 incertum
538 4027 572 4064 ac
596 4008 706 4065 debitor
728 4011 860 4067 adversus
882 4008 1044 4065 discussoris
1067 4012 1174 4066 statum
1199 4007 1324 4078 coeperit
1346 4006 1487 4072 reluctari,
1513 4004 1649 4061 dilatione
1666 4002 1828 4074 postposita

379 4112 462 4165 super
479 4112 520 4160 so,
539 4097 614 4164 quod
630 4096 770 4153 exorietur
789 4098 961 4168 ambiguum,
975 4096 1019 4151 vel
1037 4094 1197 4151 sublimitas
1210 4098 1261 4151 tua
1274 4094 1319 4150 vel
1332 4092 1461 4158 vicarius,
1474 4096 1558 4163 prout
1569 4089 1689 4160 quisque
1702 4092 1825 4145 vestrum

379 4180 521 4250 proximus
539 4180 601 4248 erit,
619 4182 756 4240 adhibeat
774 4201 897 4240 examen.
927 4182 1119 4253 riso)r(os1rs)
1138 4198 1189 4235 xvi
1207 4197 1270 4236 aar..
1289 4197 1371 4235 mr.
1390 4180 1549 4250 ss(sr1)ss0
1568 4196 1595 4233 s.
1613 4194 1645 4231 111
1669 4193 1702 4232 rr
1719 4192 1826 4239 sommo

378 4284 467 4323 uorsa

472 4409 495 4457 V

377 4529 395 4582 3
413 4537 538 4582 statutum
558 4532 733 4598 Gottofrestus
803 4529 819 4582 4
837 4529 999 4599 ambignum]
1017 4550 1066 4582 sor,
1084 4550 1136 4583 non
1154 4534 1306 4598 ambiguum

264 4748 265 4759 ,
279 4702 325 4768 30,
338 4701 372 4756 37
391 4701 454 4770 (373
471 4703 543 4772 Aug.
557 4702 607 4770 30).

462 4822 554 4859 marr.
582 4824 699 4871 vmsrs,
727 4825 882 4863 osnrmsvs
909 4826 941 4862 ετ
970 4809 1213 4877 van(aurus1)a1svs
1243 4826 1310 4862 aaa.
1339 4825 1377 4861 no
1410 4823 1582 4861 rusansswx
1613 4806 1826 4873 prodonamus)

377 4892 521 4960 asardis).
558 4909 714 4949 rueram:
742 4895 811 4949 Cum
838 4895 872 4950 de
899 4894 1167 4965 praescribtionibus
1193 4892 1391 4965 peremptoriis
1420 4892 1548 4963 agitatur
1574 4908 1704 4956 examen,
1732 4890 1755 4946 si
1779 4910 1828 4949 eas

380 4978 613 5047 praescribtiones
631 4979 715 5034 iudex
733 4985 765 5036 ut
783 4982 859 5037 leves
877 4982 1023 5052 putaverit
1040 4981 1230 5051 inprobandas
1252 4983 1282 5036 et
1308 4980 1346 5034 ab
1364 4978 1423 5034 eius
1442 4977 1656 5034 interlocutione
1675 4977 1761 5034 fuerit
1779 4997 1827 5049 ap-

377 5064 530 5135 pollutum,
556 5066 720 5135 provocatio
744 5067 902 5123 huiusmodi
924 5068 1091 5138 recipiatur,
1114 5086 1176 5123 cum
1200 5064 1391 5138 peremptoria
1418 5062 1603 5135 praescribtio
1629 5066 1659 5120 et
1682 5064 1828 5120 definitiva

376 5149 517 5207 sententia
537 5151 634 5206 eadem
653 5152 681 5206 vi
701 5153 745 5208 vel
764 5158 945 5224 consumptae
965 5172 1066 5209 musae
1090 5154 1134 5209 vel
1157 5171 1213 5208 non
1236 5151 1429 5208 admittendae
1454 5150 1602 5206 videantur
1619 5149 1737 5220 operari
1773 5151 1827 5207 Sed

376 5235 510 5306 quoniam
527 5237 639 5294 evenire
657 5243 767 5310 potest,
786 5245 819 5296 ut
840 5241 947 5297 multae
965 5239 1200 5310 praescribtiones
1223 5237 1430 5311 peremptoriae
1454 5234 1648 5307 litigatoribus
1665 5240 1826 5307 conpetant,
1866 5267 1877 5306 5

376 5340 410 5381 ue
428 5322 458 5378 in
477 5341 531 5379 uno
549 5327 701 5396 eodemque
720 5327 835 5398 negotio
853 5345 903 5398 per
921 5326 1047 5397 singulas
1064 5344 1176 5385 necesse
1200 5325 1238 5383 sit
1255 5324 1368 5399 saepius
1388 5322 1534 5399 provocari
1552 5324 1582 5381 et
1600 5324 1705 5385 totiens
1722 5326 1760 5385 ad
1777 5341 1827 5386 nos

375 5498 390 5552 ‘i
409 5500 445 5567 at]
466 5502 651 5570 Gottofrcdus,
669 5521 718 5556 om.
736 5505 760 5554 V
