4800 6400
322 706 325 714 '
380 721 685 776 oaemrrronravs
701 723 747 775 ar
764 723 879 777 muso
897 725 1001 778 naun
1069 727 1132 790 547
1355 735 1357 738 ·
1578 728 1828 798 X1027-29

381 891 536 964 acceperit,
554 891 613 950 sive
630 891 768 965 supplicis
785 893 913 950 rescribti
932 894 1103 952 auctoritate
1121 895 1231 953 nitatur
1254 895 1314 952 sire
1332 896 1436 954 elicitis
1454 899 1617 970 specialiter
1634 901 1764 972 apicibus
1782 903 1829 958 ad·

378 979 533 1038 notationis
558 997 717 1051 expressae,
740 998 804 1036 cum
825 982 862 1037 ad
884 982 1099 1039 transmarinam
1122 982 1297 1053 provinciam
1318 985 1364 1042 vel
1387 984 1558 1056 provincias,
1584 987 1613 1042 in
1635 988 1737 1057 quibus
1763 993 1830 1045 sunt

379 1068 551 1142 patrimonia
568 1066 731 1133 constituta,
750 1067 909 1138 pervenerit
932 1071 962 1126 et
989 1069 1241 1126 contradictionem
1263 1071 1369 1126 domini
1392 1090 1443 1142 per
1460 1090 1664 1143 quamcumque
1682 1092 1829 1146 personam

379 1173 439 1212 rem
460 1155 604 1227 propriam
624 1154 799 1211 defendentis
820 1155 976 1226 acceperit,
999 1156 1129 1213 effectum
1157 1157 1255 1229 adepti
1278 1158 1407 1215 beneficii
1428 1178 1563 1231 suspensa
1581 1161 1757 1218 exsecutione
1773 1179 1828 1218 non

346 1244 501 1315 lperagat
517 1246 548 1298 et
565 1242 602 1297 ad
619 1240 786 1297 comitatum
803 1241 986 1311 spondentem
1004 1243 1098 1300 venire
1117 1243 1269 1300 immatura
1286 1245 1460 1315 profectione
1478 1264 1534 1303 non
1551 1253 1660 1319 urgeat
1740 1249 1827 1303 Immo
1868 1263 1879 1301 s

380 1329 430 1387 ille
448 1329 498 1401 qui
515 1329 645 1401 pulsatus
666 1327 752 1384 fuerit
774 1326 937 1384 institutum
957 1328 1013 1384 sibi
1037 1329 1141 1401 integri
1165 1330 1232 1385 anni
1250 1331 1375 1401 spatium
1392 1338 1590 1404 recognoscat,
1609 1333 1740 1392 idoneum
1758 1334 1828 1390 satis

379 1419 493 1487 tempus
514 1414 682 1471 muniendae
704 1431 824 1486 congrue
845 1414 1016 1472 tractatibus
1037 1414 1097 1471 litis
1119 1419 1150 1472 et
1172 1415 1329 1473 instruendi
1353 1435 1436 1488 quem
1458 1420 1564 1477 deserit
1584 1419 1653 1477 laris
1671 1420 1828 1487 habiturus,

379 1520 432 1560 nec
450 1502 487 1557 ad
503 1501 642 1557 iacturam
659 1499 763 1556 veteris
781 1500 898 1555 dominii
915 1501 968 1558 sub
985 1500 1089 1557 iniuria
1113 1520 1250 1574 properae
1272 1503 1462 1561 festinationis
1481 1508 1630 1575 artaudus,
1648 1508 1771 1564 omnium
1788 1507 1829 1562 iu·

380 1589 482 1655 dicum,
500 1605 570 1660 quos
587 1587 711 1644 locorum
728 1585 802 1642 ratio
819 1587 945 1660 exegerit
963 1587 1117 1660 implorari,
1134 1589 1251 1660 publico
1269 1589 1434 1647 muniendus
1456 1592 1574 1659 auxilio,
1599 1595 1632 1650 ut
1648 1594 1770 1665 praedas
1788 1593 1827 1648 in-

345 1677 363 1732 2
380 1675 523 1732 hiantium
539 1692 595 1731 non
612 1673 739 1730 dedatur.
837 1673 926 1737 Quem
943 1673 968 1728 si
985 1691 1063 1730 mora
1080 1674 1199 1731 forsitan
1220 1693 1272 1746 pro
1291 1676 1438 1735 voluntate
1455 1678 1591 1750 prolixior
1608 1679 1758 1736 delectarit
1774 1696 1826 1734 nec
1856 1693 1880 1732 ro

381 1765 457 1821 intra
478 1762 545 1819 anni
566 1765 657 1818 metas
677 1779 747 1832 quas
771 1762 880 1818 fiximus
901 1764 938 1819 ad
960 1760 1087 1820 inlustris
1105 1763 1159 1818 riri
1180 1763 1311 1835 privatae
1333 1764 1374 1821 rei
1396 1764 1507 1821 comitis
1528 1783 1645 1823 examen
1662 1765 1825 1831 occurrerit,

382 1850 456 1907 sciat
472 1868 502 1907 se
519 1849 613 1922 ipsum
629 1849 659 1906 in
676 1868 705 1906 se
726 1848 826 1905 tulisse
849 1849 1018 1907 sententiam
1040 1868 1091 1908 nec
1113 1850 1252 1907 subeundi
1274 1851 1352 1907 ultra
1377 1851 1538 1909 certaminis
1555 1851 1752 1923 experiendam
1769 1870 1829 1910 esse

345 1933 529 1995 3t'ortunana
623 1936 675 1993 cui
692 1937 717 1992 si
733 1954 785 2007 per
801 1933 1020 2008 inpugnantium
1042 1936 1245 2008 profectionem
1267 1936 1440 1994 circumdato
1469 1939 1507 1995 ad
1530 1938 1696 1996 comitatum
1713 1955 1829 2011 pergere

380 2029 432 2081 aut
454 2022 598 2095 pervenire
621 2022 741 2079 liberum
763 2022 839 2078 intra
861 2022 1001 2078 curricula
1022 2021 1172 2094 praefinita
1195 2041 1251 2079 non
1274 2023 1373 2091 fuerit,
1393 2025 1469 2096 apud
1487 2043 1689 2095 quemcumque
1707 2025 1830 2081 iudicem

382 2111 549 2169 contestatis
566 2109 698 2179 querellis
715 2113 745 2165 et
762 2109 908 2166 evidenter
925 2110 1052 2181 probatis
1071 2109 1246 2180 praeiudicio
1265 2113 1427 2167 contractae
1450 2129 1505 2167 non
1523 2130 1573 2168 suo
1593 2111 1664 2168 vitio
1682 2110 1828 2168 tarditatis
1856 2122 1880 2160 ¹⁶

345 2198 483 2257 taxatus
499 2201 529 2254 et
545 2198 580 2253 de
598 2196 729 2252 factionis
747 2200 861 2252 auctore
880 2194 1034 2251 vindictam
1052 2213 1203 2268 congruam
1221 2197 1414 2268 prosequatur.
1478 2197 1552 2253 Illud
1566 2215 1634 2254 sane
1646 2215 1715 2269 prae
1728 2196 1828 2254 ceteris

382 2284 517 2357 providae
535 2282 675 2339 cautionis
691 2281 848 2347 habiturus,
866 2287 899 2338 ut
916 2285 1025 2338 statuto
1044 2285 1170 2353 tempore
1187 2281 1346 2355 legitimam
1362 2299 1511 2353 personam
1528 2283 1572 2339 sui
1591 2284 1761 2355 probaturus
1780 2283 1828 2338 ad·

382 2369 489 2437 rmiat,
513 2388 568 2425 non
589 2368 695 2425 inlusor
716 2367 853 2424 utilitatis
879 2368 989 2425 alienae
1006 2385 1058 2424 noc
1075 2369 1188 2426 futurae
1206 2367 1422 2440 disceptationis
1448 2367 1672 2426 circumscribtor
1690 2373 1828 2426 occurrat.

347 2457 366 2510 5
384 2457 454 2513 Ourn
472 2473 536 2514 vero
554 2455 629 2512 intra
647 2455 794 2527 contiguas
812 2454 973 2525 vicinasque
992 2455 1150 2526 provincias
1168 2456 1244 2510 bona
1261 2455 1359 2525 aliqua
1377 2458 1560 2527 expetuntur,
1586 2475 1704 2526 quorum
1722 2461 1829 2512 coutra-

383 2544 474 2601 dictor
491 2543 617 2614 potuerit
634 2541 762 2606 inveniri,
781 2542 817 2597 ad
835 2542 1024 2613 praebendam
1047 2544 1121 2600 inter
1143 2542 1287 2616 legitimas
1308 2560 1441 2614 personas
1464 2543 1638 2599 audientiam
1656 2548 1687 2601 et
1703 2561 1830 2601 exercen-
1856 2550 1883 2591 ¹⁰

383 2633 451 2688 dum
468 2630 542 2687 inter
558 2632 655 2701 partes
672 2628 732 2685 iure
750 2628 911 2685 conflictum
928 2647 962 2686 ex
979 2629 1024 2686 die
1043 2629 1236 2686 conventionis
1248 2631 1375 2700 perlatae
1395 2630 1424 2685 in
1442 2628 1575 2687 notitiam
1587 2630 1763 2702 pulsatorum
1781 2647 1829 2687 sex

383 2735 508 2774 mensum
531 2715 656 2787 spatium
677 2715 865 2788 praecipimus
890 2715 1036 2782 custodiri,
1064 2715 1143 2772 ouius
1167 2718 1299 2773 eventurn
1321 2716 1456 2773 examinis
1488 2716 1615 2773 adsertor
1632 2716 1701 2772 iuris
1722 2716 1830 2788 proprii

348 2801 366 2856 t
384 2803 488 2860 debeat
508 2802 684 2873 praestolari
788 2801 952 2859 Visentium
974 2820 1085 2873 quoque
1110 2803 1185 2859 bona
1207 2820 1225 2859 a
1250 2801 1417 2873 conpetendi
1440 2801 1557 2859 licentia
1576 2801 1762 2868 vindicamus,
1781 2802 1830 2872 qui

382 2887 553 2955 criminibus,
571 2889 601 2943 in
619 2888 720 2959 quibus
739 2889 869 2946 videntur
885 2888 974 2960 argui,
991 2907 1043 2946 nec
1061 2888 1166 2945 iudicio
1184 2889 1308 2945 convicti
1326 2907 1377 2946 nec
1392 2888 1533 2946 sententia
1545 2888 1700 2960 probantur
1714 2887 1830 2945 addicti.

382 2991 416 3030 rr
432 2991 543 3030 omaus.
579 2991 640 3030 nar.
659 2992 678 3029 r
695 2992 732 3030 11).
751 2992 841 3031 ocros.
860 2976 1033 3047 anquam)
1051 2978 1195 3044 uosonpo)
1213 2992 1233 3030 x
1252 2991 1285 3030 su
1302 2977 1477 3047 raaoo(osro)
1496 2992 1526 3033 vr
1544 2993 1591 3031 ιι.
1609 2992 1698 3032 conss.
1858 2979 1884 3020 ²⁵

476 3159 500 3212 V

385 3282 400 3336 1
419 3280 552 3351 supplicis}
570 3280 682 3349 fatuare
700 3298 750 3336 scr.
768 3280 916 3349 supplicans
987 3279 1081 3333 'icon-
1104 3278 1108 3349 Ι
1133 3277 1168 3347 et]
1186 3297 1237 3333 rcr.
1255 3288 1350 3334 exutus
1372 3282 1518 3334 simitum«
1597 3278 1632 3333 23
1648 3278 1674 3348 a]
1694 3280 1831 3349 Gotbofrc·

383 3367 466 3421 grune
481 3351 506 3402 V
596 3348 876 3419 8rcr.praeproperas
973 3350 1006 3402 13
1041 3367 1081 3403 ro·
1133 3350 1191 3414 aa,
1209 3367 1257 3402 orn.
1274 3350 1299 3400 V
1390 3349 1425 3404 25
1442 3352 1558 3403 Honorio
1575 3352 1627 3402 ΧΠ
1644 3359 1670 3403 st
1687 3350 1832 3402 Theodosio

385 3417 532 3486 teotonem]
556 3437 606 3473 scr.
625 3419 671 3488 (cs.
691 3440 712 3473 a.
725 3422 768 3487 16)
791 3422 929 3472 teotonem
952 3416 1023 3485 (sim'
1033 3420 1081 3472 iter
1134 3421 1196 3472 vm
1205 3436 1253 3472 rer.
1262 3429 1369 3487 propter
1380 3421 1568 3473 mutatorias
1585 3421 1654 3473 alias
1666 3420 1703 3473 ad
1711 3419 1829 3488 harpam

386 3490 574 3559 Gottosrcdae)
648 3489 681 3542 15
699 3489 874 3558 quaercllisV
938 3487 971 3541 16
988 3498 1082 3542 exutus
1134 3488 1239 3541 emissas

264 3806 265 3810 ι
281 3753 322 3822 ιο,
334 3753 370 3810 aa
387 3748 449 3819 (us
467 3748 528 3804 oe.
542 3749 595 3817 ιι).

471 3868 539 3906 mma
564 3868 611 3906 sn.
633 3868 721 3905 maso
744 3851 952 3919 r(ao)o(onsvu)
974 3851 1119 3917 nemque).
1156 3865 1221 3905 rosr
1238 3866 1319 3905 ama:
1347 3848 1500 3913 Delatores,
1518 3845 1578 3902 sine
1597 3845 1699 3915 quibus
1716 3844 1830 3917 petitio

384 3957 450 3995 nem
471 3939 579 3994 nullam
600 3940 651 3992 aut
673 3926 799 3992 inchoari
821 3940 871 3993 aut
889 3935 987 4009 peragi
1005 3935 1144 4002 iubemus,
1163 3938 1241 3993 certa
1266 3935 1448 3992 denuntiatae
1466 3932 1646 3990 auctoritatis
1664 3931 1828 3990 condicione

386 4024 614 4096 constringimus,
636 4026 669 4078 ut
690 4023 888 4095 ignoscendum
909 4021 975 4088 sibi,
999 4021 1024 4076 si
1042 4022 1127 4078 semel
1145 4021 1328 4093 probaverint
1346 4020 1450 4087 delata,
1468 4038 1524 4076 non
1543 4020 1702 4091 ambigant,
1722 4017 1829 4089 pericu·

385 4113 476 4168 losam
494 4129 559 4167 vero
575 4110 630 4165 sibi
649 4111 773 4165 futuram
789 4127 849 4166 esse
868 4108 1014 4164 victoriam
1027 4109 1146 4165 iteratae
1160 4108 1327 4179 proditionis
1339 4109 1462 4178 abrupto
1475 4106 1600 4177 periculo
1612 4109 1828 4177 recognoscant;

384 4198 429 4254 sin
448 4215 512 4255 vero
530 4197 617 4254 tertia
635 4214 702 4252 voce
720 4195 881 4261 detulerint,
899 4213 953 4250 non
972 4196 1155 4265 probandum,
1174 4195 1224 4252 sed
1242 4213 1361 4266 poenam
1379 4194 1433 4249 sibi
1452 4193 1580 4265 protinus
1591 4190 1720 4249 noverint
1731 4190 1826 4262 potius
1866 4208 1878 4246 s

385 4286 566 4343 subeundam.
593 4301 625 4339 as
637 4300 747 4340 omaus.
775 4300 836 4338 nar.
850 4302 868 4337 v
885 4300 922 4337 m.
935 4300 1025 4337 omos.
1042 4286 1214 4353 ardennae)
1227 4300 1347 4337 nonomo
1360 4299 1401 4337 xn
1411 4298 1444 4336 ar
1456 4296 1605 4336 nnronosro
1618 4295 1668 4334 vm
1681 4295 1728 4333 as.
1741 4294 1831 4333 conss.

478 4464 503 4514 V

386 4583 577 4655 lproconsuli]
596 4586 621 4654 p.
634 4594 660 4637 u.
677 4584 702 4633 V
754 4582 811 4636 ssi
829 4581 916 4647 semel]
936 4598 986 4635 scr.
1005 4582 1083 4635 semel
1136 4599 1185 4634 om.
1202 4580 1239 4631 V¹

385 4658 408 4708 si
477 4651 631 4723 iabrupto]
649 4657 761 4723 fortasse
778 4654 888 4705 adsumo
964 4653 1084 4719 bpotius

263 4954 267 4976 ,
284 4909 323 4976 10,
335 4907 371 4966 no
390 4901 450 4971 (ιιι
470 4900 521 4955 Iul.
534 4898 570 4967 s).

473 5022 540 5061 marr
557 5022 604 5060 ns.
622 5019 655 5056 ar
673 5015 856 5055 cousrsnrrvs
877 5017 903 5052 s.
923 5013 1058 5052 rumnnro
1080 4996 1253 5065 quarnaco)
1270 4993 1449 5062 strumosum
1485 4988 1603 5044 Nullum
1622 4983 1747 5056 patimur
1766 5002 1829 5039 oon-

387 5091 520 5166 petitioni
537 5089 681 5146 subiacere
699 5086 847 5150 viventem,
865 5084 920 5138 nisi
938 5102 1021 5153 quem
1038 5081 1147 5138 crimini
1166 5080 1316 5138 obnoxium
1328 5077 1463 5150 capitalis
1480 5072 1621 5131 sententia
1639 5070 1829 5141 deportationi

385 5178 534 5244 addixerit,
551 5180 584 5232 ut
602 5173 745 5245 ademptio
763 5172 933 5228 facultatum
950 5187 1069 5241 poenam
1093 5167 1262 5240 praemissae
1285 5163 1488 5237 indignationis
1506 5158 1674 5217 adcumulet
1711 5158 1751 5213 De
1769 5155 1829 5226 qui-

385 5267 439 5324 bus
464 5270 566 5330 tamen,
594 5262 668 5318 sicut
694 5258 783 5315 divali
810 5257 953 5314 sanctione
978 5256 1123 5312 decretum
1144 5258 1200 5320 est,
1224 5251 1337 5324 conpeti
1359 5270 1410 5322 per
1435 5248 1581 5306 biennium
1604 5243 1677 5299 nihil
1694 5243 1830 5300 iubemus.

350 5360 368 5414 1
387 5352 451 5410 Uno
468 5354 563 5407 tamen
581 5346 715 5420 petitorio
733 5345 905 5418 singulorum
923 5342 1078 5399 bonuscnla
1094 5340 1223 5397 iubemus
1240 5336 1374 5404 adscribi,
1398 5336 1477 5392 nefas
1500 5352 1559 5391 esse
1578 5332 1723 5388 censentes
1741 5329 1828 5400 pluri·
1871 5345 1883 5384 a

385 5528 571 5601 ilposnaeV¹
1574 5575 1628 5630 35,
