4800 6400
572 722 675 790 VIIII
701 724 737 788 17
762 727 846 789 2-4
1271 722 1334 787 464
1610 722 1659 778 DE
1675 722 1868 782 smmum
1885 724 2031 783 victum

418 892 589 970 vnl1,17‚2
607 893 668 963 (34⁹
686 893 769 950 Mart
782 896 835 966 28)-

659 1019 727 1058 mn
749 1019 776 1057 s.
798 1019 837 1057 sn
858 1016 993 1056 immun
1014 1000 1417 1069 r(asmerv1)r(asrroar)o.
1454 999 1573 1055 Factum
1591 999 1708 1056 solitum
1731 999 1868 1073 sangiune
1887 1000 2027 1059 vindicari

573 1093 680 1149 multae
697 1088 852 1146 inflictione
870 1086 1033 1158 corrigimus
1050 1090 1136 1155 atque
1154 1085 1196 1142 ita
1214 1086 1387 1157 supplicium
1399 1086 1550 1142 statuimus
1562 1086 1592 1141 in
1603 1088 1737 1153 futurum,
1756 1089 1790 1142 ut
1807 1104 1861 1144 nec
1879 1086 1931 1145 ille
1949 1088 2027 1145 absit

573 1196 592 1234 a
609 1194 708 1249 poena,
727 1175 860 1246 quiante
878 1172 1024 1229 commisit.
1060 1172 1190 1228 Universi
1208 1172 1314 1243 itaque,
1331 1173 1381 1243 qui
1400 1174 1435 1230 de
1453 1173 1640 1229 monumentis
1658 1173 1803 1231 columnas
1821 1174 1868 1231 rel
1885 1192 2026 1231 marmora

572 1265 751 1321 abstulerrmt
768 1263 813 1319 vel
831 1261 990 1330 coquendae
1009 1259 1096 1315 calcis
1114 1259 1209 1331 gratia
1228 1259 1339 1330 lapides
1357 1259 1524 1324 deiecerunt,
1543 1278 1577 1317 ex
1595 1261 1743 1317 consulatu
1755 1258 1867 1316 scilicet
1889 1259 2027 1317 Dalmatii

573 1358 603 1408 et
621 1349 744 1412 Zenofili
762 1348 889 1420 singulas
907 1346 995 1402 libras
1014 1345 1076 1401 auri
1094 1363 1145 1416 per
1162 1345 1276 1417 singula
1293 1347 1443 1417 sepulchra
1461 1346 1521 1402 fisci
1538 1345 1696 1402 rationibus
1719 1345 1841 1402 inferant
1858 1345 2027 1418 investigati
2059 1368 2070 1408 ι

573 1457 624 1510 per
641 1434 807 1508 prudentiae
824 1436 891 1490 tuae
909 1431 1051 1488 iudicium
1087 1432 1191 1487 Eadem
1209 1431 1297 1488 etiam
1315 1450 1414 1503 poena,
1439 1432 1488 1502 qui
1507 1431 1681 1504 dissiparunt
1703 1433 1748 1489 vel
1773 1436 1905 1489 ornatum
1922 1432 2026 1490 minue·

572 1528 645 1590 runt,
663 1525 812 1579 teneantur
829 1523 859 1577 et
876 1519 926 1589 qui
943 1518 1036 1590 posita
1054 1518 1083 1572 in
1101 1520 1178 1589 agris
1197 1519 1255 1573 suis
1271 1523 1454 1575 monumenta
1474 1519 1561 1574 calcis
1585 1518 1747 1574 coctoribus
1766 1516 1953 1575 vendiderunt
1970 1537 2026 1576 una

576 1629 639 1666 cum
657 1609 710 1674 his,
729 1608 778 1678 qui
796 1606 858 1662 ausi
884 1609 949 1661 sunt
972 1622 1186 1675 comparare-
1205 1604 1342 1674 quidquid
1364 1605 1438 1661 enirn
1461 1603 1566 1676 attingi
1587 1605 1666 1660 nefas
1687 1608 1743 1669 ast,
1761 1622 1816 1661 non
1834 1602 1895 1661 sine
1912 1604 2026 1676 piaculo

575 1700 757 1767 eomparatur
775 1722 807 1735 -
826 1693 876 1749 sed
893 1692 942 1757 ita,
962 1696 994 1746 ut
1011 1691 1048 1747 ab
1066 1693 1185 1760 utroque
1203 1708 1260 1746 una
1278 1690 1353 1747 libra
1366 1691 1532 1761 postuletur.
1568 1690 1622 1747 Sed
1640 1689 1664 1745 si
1682 1693 1882 1762 expraeeepto
1900 1690 2025 1747 iudicum

574 1783 754 1838 monumenta
772 1778 888 1836 deiecta
903 1781 976 1842 sunt,
995 1796 1029 1835 ne
1048 1777 1100 1832 sub
1123 1776 1217 1847 specie
1242 1776 1376 1848 publicas
1394 1775 1588 1833 fabricationis
1606 1793 1698 1846 poena
1715 1776 1834 1841 vitetur,
1852 1775 1966 1834 eosdem
1984 1778 2023 1835 iu·
2046 1801 2069 1841 ιο

575 1869 651 1925 dices
668 1868 796 1925 iubemus
823 1869 898 1923 hanc
925 1868 1045 1924 multam
1067 1884 1229 1937 agnoscere;
1255 1884 1321 1921 nam
1344 1883 1379 1922 ex
1402 1863 1591 1936 vectigalibus
1610 1867 1654 1922 vel
1676 1866 1741 1921 aliis
1765 1866 1859 1924 titulis
1877 1868 2025 1927 aedificare

572 1956 736 2012 debuerunt.
772 1953 852 2017 Quod
869 1953 893 2009 si
910 1953 1014 2024 aliquis
1031 1953 1151 2010 multam
1169 1958 1296 2010 metuens
1314 1951 1456 2023 sepulchri
1474 1951 1569 2007 ruinas
1585 1954 1677 2009 terrae
1689 1952 1873 2025 congestione
1888 1953 2024 2012 celaverit

574 2045 604 2097 et
625 2059 680 2096 non
702 2039 777 2096 intra
794 2031 934 2097 statutum
957 2040 994 2095 ab
1017 2038 1185 2096 excellentia
1208 2041 1260 2093 tua
1280 2042 1392 2108 tempus
1414 2038 1555 2094 confessus
1583 2038 1633 2102 sit,
1657 2038 1694 2093 ab
1717 2038 1775 2095 alio
1801 2039 1931 2110 proditus
1956 2041 2024 2097 duaa

573 2126 635 2183 auri
652 2126 740 2182 libras
758 2129 876 2197 cogatur
892 2126 1000 2182 inferre.
1036 2125 1090 2189 Qui
1110 2143 1173 2182 vero
1191 2124 1297 2181 libellis
1315 2124 1390 2179 datis
1408 2142 1426 2179 a
1444 2123 1625 2194 pontificibus
1642 2124 1839 2195 impetrarunt,
1859 2127 1894 2181 ut
1911 2144 2022 2198 repara

572 2212 658 2269 tionis
675 2211 770 2284 gratia
786 2212 914 2269 labentia
931 2212 1082 2282 sepulchra
1099 2212 1277 2282 deponerent,
1297 2210 1321 2265 si
1341 2227 1407 2266 vera
1425 2210 1588 2274 docuerunt,
1612 2212 1649 2267 ab
1668 2210 1805 2269 inlatione
1823 2213 1932 2269 multae
1944 2230 2023 2284 sepa·
2048 2232 2070 2270 ιι

541 2311 554 2364 1
573 2303 680 2357 rentur:
699 2302 730 2355 at
747 2299 772 2353 si
789 2299 819 2353 in
836 2317 917 2354 usum
934 2298 1022 2355 alium
1040 2298 1176 2370 depositis
1193 2297 1275 2355 abusi
1293 2301 1366 2363 sunt,
1389 2300 1540 2354 teneantur
1553 2314 1646 2368 poena
1659 2298 1841 2369 praescribta
1913 2298 1975 2354 Hoc
1993 2299 2023 2354 in

574 2391 717 2457 posterum
735 2386 916 2450 observando,
935 2389 968 2440 ut
985 2386 1015 2440 in
1033 2385 1185 2456 provinciis
1208 2386 1332 2441 locomm
1359 2383 1482 2450 iudices,
1505 2383 1535 2438 in
1556 2385 1624 2440 urbe
1648 2383 1737 2439 Roma
1760 2401 1824 2440 cum
1842 2383 2024 2456 pontificibus

573 2479 624 2530 tua
636 2473 773 2528 celsitudo
791 2472 932 2544 inspiciat,
951 2473 975 2527 si
994 2490 1044 2543 per
1061 2478 1185 2530 sarturas
1203 2473 1418 2528 succurrendum
1435 2471 1474 2526 sit
1491 2471 1578 2527 alicui
1590 2474 1778 2539 monumento,
1796 2476 1829 2528 ut
1846 2470 1891 2528 ita
1908 2471 2023 2527 demum

573 2560 643 2616 data
659 2559 776 2616 licentia
796 2561 909 2630 tempus
926 2559 1014 2616 etiam
1036 2561 1250 2616 consummando
1271 2559 1350 2631 operi
1404 2562 2023 2631 *Γ

540 2647 724 2704 tutatuatur.
821 2645 901 2709 Quod
912 2649 923 2715 ΙΙ
935 2646 958 2700 si
977 2645 1081 2715 aliquis
1108 2650 1205 2701 contra
1230 2646 1350 2701 sanctio·
1414 2647 1465 2711 11Βί
1486 2647 1544 2714 quis
1562 2647 1728 2714 sepulchrum
1753 2647 1872 2700 laesurus
1900 2664 1916 2700 a
1940 2648 1948 2663 '
1997 2649 2023 2713 't
2048 2661 2073 2702 ao

574 2749 638 2787 nem
655 2731 821 2788 elementiae
838 2732 949 2788 nostrae
965 2731 1146 2802 sepulchrum
1161 2731 1287 2787 laesurus
1308 2735 1350 2787 at
1419 2717 1534 2768 ¹⁰⁰⁰¹¹¹¹¹²
1552 2717 1649 2800 ῑῦἆῑῗθθ
1661 2718 1683 2769 ⁸5
1695 2717 1745 2768 ιω
1756 2717 1919 2800 Vindiwqe
1949 2734 2024 2800 ‚030-

574 2816 686 2889 argona
719 2817 771 2871 xx
797 2816 885 2871 libras
921 2815 982 2872 aaa
1013 2815 1212 2888 largitionibus
1248 2817 1350 2872 nostra
1419 2786 2023 2923 {QssgmnTmffiuQ'ffJssffim'ffiffi

575 2907 693 2974 cogatur
704 2902 813 2959 inferre.
851 2902 987 2958 Locorum
1005 2901 1218 2958 autemiudices
1237 2901 1261 2957 si
1278 2902 1349 2958 haec
1419 2931 1516 2975 ,mm
1538 2940 1622 2990 poen„
1643 2932 1789 2990 gramm,
1812 2931 1844 2976 „q
1864 2938 1924 2976 „m
1944 2924 2023 2992 1235.

575 2989 722 3045 observare
748 2987 931 3059 neglexerint,
968 3006 1023 3044 non
1051 2987 1143 3043 minus
1167 2991 1236 3043 nota
1264 3005 1348 3057 quam
1419 2993 1532 3044 tionibus
1550 2993 1644 3044 nocuis
1662 2994 1757 3044 inferre
1774 3000 1907 3061 cogantur.

574 3076 684 3130 statuta
702 3074 731 3129 in
751 3074 962 3146 sepulchrorum
985 3074 1135 3131 violatores
1156 3091 1247 3144 poena
1268 3080 1418 3144 grassetur.
1460 3092 1521 3131 nar.
1540 3094 1560 3130 v
1583 3093 1647 3132 m.
1671 3093 1761 3131 aram.
1785 3093 1897 3132 nmmo
1919 3093 1953 3131 ar
1975 3094 2023 3132 ca·
2047 3093 2071 3134 ss

574 3176 689 3216 rvmmo
706 3177 795 3216 eones.
1477 3172 1493 3202 ⁰

665 3337 692 3391 ν.
711 3364 745 3374 -
762 3338 847 3389 iven.
860 3323 939 3403 esre,
952 3335 977 3390 3.
996 3363 1028 3374 -
1049 3336 1156 3390 scara
1174 3337 1301 3390 saraam
1319 3338 1356 3391 aa
1372 3357 1395 3391 ι.
1410 3345 1453 3392 ιιι
1470 3339 1564 3393 unum
1583 3340 1701 3408 episcopo
1719 3340 1794 3391 aaa.

576 3475 762 3543 lsanguinem
777 3474 815 3525 V¹
878 3474 1243 3544 90x1001bofrsdsoe,etV
1330 3476 1409 3543 Vna,
1428 3486 1475 3530 aut
1492 3477 1517 3527 V

576 3543 608 3597 12
626 3543 745 3613 multam]
764 3547 846 3598 multa
862 3545 887 3595 V
900 3544 981 3610 (corr.
998 3563 1032 3597 m.
1050 3547 1113 3613 reo.)
1178 3545 1212 3598 16
1230 3543 1269 3613 at]

419 3759 511 3825 vnn,
527 3752 594 3826 rae
613 3751 675 3819 (356
693 3792 700 3806 .
719 3792 726 3807 .
746 3794 751 3807 .
772 3753 796 3821 .).

658 3871 725 3908 marr
743 3873 770 3909 ι.
788 3872 821 3909 m
841 3872 972 3910 rvmssvs
988 3874 1062 3911 cias.
1081 3873 1119 3910 sn
1137 3871 1264 3910 onmnvu.
1302 3855 1442 3918 Quosdam
1465 3856 1649 3925 comperimus
1676 3856 1746 3910 lucri
1765 3854 1881 3910 nimium
1901 3855 2019 3926 cupidos

572 3942 721 4011 sepulchra
743 3943 903 3998 subvertere
926 3946 955 3997 et
972 3942 1160 3998 substantiam
1184 3941 1341 3997 fabricandi
1359 3943 1395 3996 ad
1414 3942 1542 4012 proprias
1560 3943 1643 3999 aedes
1668 3943 1824 3999 transferre.
1862 3941 1886 3995 Ii
1905 3942 2020 3998 detecto

572 4028 675 4084 scelere
693 4027 962 4083 animadversionem
979 4027 1078 4097 priscis
1095 4027 1207 4097 legibus
1225 4028 1369 4084 delinitam
1387 4027 1480 4083 subire
1499 4028 1649 4084 debebunt.
1686 4028 1882 4097 r(ao)r(osrns)
1901 4044 1930 4080 ne
1949 4044 2019 4082 roro

572 4131 687 4169 mamm
705 4131 870 4169 cossurus
889 4133 916 4170 ι.
934 4131 985 4168 vm
1003 4131 1036 4167 nn
1053 4131 1166 4169 ινιιιιιο
1183 4131 1258 4169 osas.
1277 4132 1365 4169 conss.

665 4289 692 4342 V.
720 4321 752 4329 -
781 4292 887 4343 Scholia
904 4290 1042 4343 Vaticana.-
1060 4291 1118 4359 plus
1136 4293 1179 4343 hio
1201 4294 1257 4344 fieri
1279 4293 1370 4357 iussit,
1388 4301 1417 4344 ut
1436 4310 1488 4343 non
1510 4294 1625 4356 multam,
1647 4292 1692 4343 sed
1710 4310 1819 4358 poenam
1837 4293 1939 4346 animae
1957 4296 2020 4362 pati·

574 4383 660 4429 antur.

574 4498 589 4550 1
608 4498 720 4565 orfitum]
733 4500 897 4567 praesectum
914 4500 973 4550 urbi
1042 4498 1059 4551 2
1077 4500 1113 4550 hii
1130 4498 1155 4548 V

874 4622 985 4633 —.-
991 4623 2016 4633 ————-——--—-.--—.-.-—-—.-—

418 4707 589 4775 m111,1r,4
609 4706 669 4773 (357
689 4705 758 4777 [356]
778 4706 836 4761 run.
852 4706 903 4774 13).

1815 4811 2020 4821 -—-—..--

656 4825 723 4864 mnu
741 4827 768 4865 ι.
786 4827 824 4863 ιιι
842 4825 977 4863 rorvnvu.
1015 4807 1069 4872 Qui
1089 4806 1233 4864 'aedificia
1250 4806 1388 4863 manium*
1410 4807 1530 4871 violant,
1549 4806 1646 4860 domus
1664 4811 1696 4862 ut
1714 4805 1755 4862 ita
1880 4841 1947 4878 Im

572 4896 688 4952 dixerim
706 4896 907 4960 defunctorum,
926 4894 1072 4966 geminum
1087 4894 1217 4951 videntur
1235 4893 1344 4949 facinus
1355 4898 1525 4963 perpetrare,
1541 4911 1606 4947 nam
1624 4895 1654 4947 et
1666 4891 1756 4960 sepul·
1830 4892 1995 4964 *sepulchra*

571 4987 615 5038 tos
637 4983 761 5053 spoliant
783 4984 949 5040 destruendo
968 4988 997 5040 et
1021 4983 1099 5038 vivos
1117 4984 1249 5054 polluunt
1266 4981 1437 5037 fabricando.
1478 4981 1506 5036 Si
1529 4980 1592 5049 quis
1615 4979 1703 5050 igitur
1722 4979 1756 5033 de

572 5070 720 5139 sepulchro
739 5070 888 5127 abstulerit
907 5088 974 5125 saxa
992 5071 1038 5125 vel
1060 5087 1198 5125 marmora
1221 5070 1265 5125 vel
1290 5069 1433 5124 columnas
1457 5067 1578 5122 aliamve
1597 5083 1756 5136 quamcum-

572 5173 626 5223 que
649 5157 796 5212 materiam
816 5157 968 5213 *fabricae⁴
989 5156 1083 5228 gratia
1104 5157 1163 5211 sive
1187 5156 1216 5211 id
1241 5154 1339 5212 fecerit
1358 5153 1532 5217 venditurus,
1552 5154 1647 5209 decem
1665 5152 1758 5222 pondo
1832 5150 2006 5204 *fabricandi*

573 5240 634 5295 auri
653 5246 771 5311 cogatur
788 5243 888 5299 inferre
906 5243 985 5299 fisco:
1006 5243 1064 5298 sive
1083 5242 1146 5311 quis
1164 5242 1278 5313 propria
1301 5241 1452 5311 sepulchra
1470 5239 1620 5295 defendens
1637 5239 1710 5292 hanc
1729 5237 1758 5291 in

573 5324 708 5380 iudicium
728 5327 882 5396 querellam
905 5329 1038 5385 detulerit
1060 5329 1118 5384 sive
1141 5327 1309 5397 quicumque
1333 5326 1407 5383 alius
1430 5325 1605 5381 accusaverit
1625 5324 1669 5378 vel
1694 5322 1816 5377 officium
1835 5321 2018 5377 nuntiaverit.

571 5500 589 5556 4
608 5500 730 5572 sepulcho
746 5500 785 5552 V·
865 5502 883 5552 6
900 5505 962 5556 fisco
980 5506 1074 5557 inferre
1089 5504 1151 5557 lust.
