4800 6400
491 720 540 775 ns
555 720 698 776 ιιιιιοιιι
715 721 761 775 m
777 722 936 777 namura
1182 727 1245 790 579
1692 726 1744 794 XI
1769 734 1783 795 1
1810 731 1937 798 33-36

492 892 607 951 dicavit
643 893 683 949 Ut
701 910 766 951 vero
787 894 881 950 nullus
902 895 937 951 de
959 897 1052 953 cetero
1070 896 1108 952 ad
1126 895 1312 968 possessiones
1331 913 1439 964 eorum,
1457 897 1533 967 qnod
1550 897 1670 956 maxime
1688 899 1878 968 reformident,
1899 901 1940 958 in-

491 983 604 1052 spector
626 981 755 1046 accedat,
778 980 962 1036 Macedonum
988 981 1090 1052 reliqui
1117 983 1276 1054 exemplum
1299 982 1388 1040 secuti
1415 983 1524 1040 mediae
1547 985 1732 1055 quantitatis,
1751 991 1783 1043 ut
1801 988 1938 1046 obtulisse

490 1072 655 1132 noscuntur,
681 1067 790 1124 tributa
812 1068 976 1139 suscipiant.
1017 1069 1071 1125 Sed
1093 1069 1206 1134 Achivi,
1224 1070 1273 1139 qui
1292 1070 1442 1142 protestati
1466 1075 1532 1127 sunt
1554 1072 1627 1127 nihil
1645 1091 1663 1128 a
1681 1091 1710 1129 se
1728 1073 1804 1130 ultra
1822 1074 1940 1131 tertiam

492 1160 602 1225 partem
625 1172 705 1225 posse
730 1155 862 1221 conferri,
888 1155 959 1211 illud
987 1157 1145 1222 exsolvant,
1167 1158 1204 1212 ad
1227 1157 1301 1226 quod
1319 1175 1348 1213 ee
1367 1156 1475 1212 indubi·
1530 1164 1940 1174 Q

491 1246 586 1297 tenter
608 1241 665 1296 fore
691 1240 804 1297 idoneos
828 1241 1004 1312 pollicentur.
1045 1242 1123 1306 Quae
1146 1242 1295 1314 dispositio
1322 1242 1351 1298 in
1379 1261 1485 1314 perpe-0
1622 1247 1797 1316 1vsn.10,16,
1811 1247 1844 1302 12
1978 1262 1990 1300 e

491 1331 571 1383 tuum
582 1328 784 1383 *observanda*
792 1328 803 1397 ll
812 1328 893 1384 initio
905 1328 1067 1385 indictionis
1079 1331 1196 1385 octavae
1206 1344 1358 1401 congruum
1368 1347 1475 1386 sumere
1546 1332 1753 1388 *observabitur*
1770 1333 1775 1402 Ι
1801 1334 1813 1400 11
1819 1338 1869 1404 fin.

491 1414 607 1471 debebit
632 1414 783 1471 exordium.
817 1418 828 1482 ΙΙ
862 1415 1045 1471 Sacrosancta
1071 1414 1328 1472 Thessalonicensis
1354 1416 1474 1472 ecclesia
1537 1419 1549 1486 11
1560 1433 1629 1472 iver.
1643 1419 1666 1485 1,
1679 1419 1704 1485 2,
1717 1420 1743 1475 8.
1763 1421 1805 1486 10,
1819 1420 1859 1485 16,
1874 1421 1907 1474 12

491 1499 620 1555 civitatis
640 1505 780 1572 *excepta
799 1501 842 1556 ita
859 1504 963 1567 tamen,
983 1505 1029 1557 ut⁴
1049 1506 1147 1573 aperte
1165 1501 1246 1568 sciat,
1264 1501 1395 1573 propriae
1413 1506 1473 1558 tan·
1545 1503 1667 1575 *excepta
1679 1546 1705 1560 ..
1723 1506 1767 1560 ut*
1787 1525 1836 1560 om.
1850 1508 1873 1570 1,
1885 1505 1941 1573 28

490 1587 634 1642 tummodo
662 1586 845 1658 capitationis
873 1587 985 1643 modum
1011 1588 1146 1645 beneficio
1177 1588 1233 1646 mei
1261 1588 1383 1646 numinis
1410 1590 1473 1646 sub·

490 1672 640 1729 levandum
657 1690 709 1729 nec
727 1676 902 1729 externorum
920 1673 1083 1745 gravamine
1102 1675 1271 1732 tributorum
1295 1694 1354 1733 rem
1377 1675 1522 1747 publicam
1544 1677 1730 1733 ecclesiastici
1748 1679 1868 1734 nominis
1887 1681 1936 1735 ab·
1966 1695 1991 1733 ro

491 1759 587 1817 usione
605 1759 778 1816 laedendam.
813 1778 875 1816 nur.
894 1778 925 1816 ιι
942 1779 978 1817 m.
997 1779 1088 1817 ocios.
1106 1765 1376 1833 coxsrsrrmvou)
1395 1780 1509 1819 meroes
1524 1767 1552 1819 ῐι.
1571 1769 1596 1820 ὃ.
1614 1781 1688 1820 cona

583 1972 610 2026 ν.
631 2000 663 2011 -
681 1972 879 2041 rvsn.1,s,s.
909 1972 1054 2041 ro,1e,1s.

491 2095 682 2149 lnullusuero
693 2095 758 2148 Iure.
794 2096 1011 2148 formidentluet.
1057 2094 1187 2148 2mache·
1241 2095 1350 2150 oiniuo
1358 2096 1504 2150 indictionis
1517 2095 1634 2164 octauae]
1653 2098 1681 2150 id
1698 2106 1734 2152 eet
1746 2115 1771 2152 a.
1781 2101 1830 2151 ⁴24
1843 2096 1940 2164 Septi

489 2165 586 2219 donum
603 2165 628 2215 V
704 2163 721 2216 4
739 2163 860 2233 conferri]
872 2166 946 2231 luet,
963 2166 1079 2218 conferre
1097 2164 1122 2214 V

399 2403 473 2471 1,ae
490 2404 552 2474 (429
572 2404 651 2460 Febr.
664 2405 716 2475 25).

575 2527 649 2564 rure.
667 2512 852 2579 rnoolosrvs)
870 2527 902 2564 ιιι
920 2512 1166 2579 ιιι(ιιιτιιιι)ιιιιε
1189 2514 1236 2565 si.
1255 2527 1348 2565 cnunsr
1372 2527 1423 2565 svo
1445 2512 1595 2581 sinimus).
1631 2511 1791 2581 Numquam
1810 2508 1937 2564 dissimu-

489 2596 596 2652 latione
620 2596 742 2652 iudicum
766 2614 816 2666 pro
841 2596 1004 2666 conpulsore
1030 2601 1081 2652 aut
1103 2596 1250 2667 opinatore
1268 2597 1417 2653 Africanus
1437 2614 1579 2668 possessor
1595 2596 1729 2652 mittatur
1745 2597 1774 2651 in
1793 2596 1935 2667 praedam,

489 2683 537 2738 sed
555 2687 690 2753 quattuor
707 2701 832 2738 mensum
850 2683 887 2737 ab
905 2682 992 2738 edicti
1011 2682 1152 2753 publicati
1175 2682 1221 2738 die
1239 2682 1356 2737 indutiis
1374 2683 1450 2739 datis
1468 2701 1566 2739 aurum
1584 2701 1601 2738 a
1619 2700 1774 2753 possessore
1794 2681 1937 2753 Capitolio

488 2769 582 2824 studio
600 2772 772 2839 spontaneae
791 2768 949 2823 devotionis
967 2767 1107 2824 sancimus
1125 2767 1233 2823 inferri:
1252 2768 1329 2822 ultra
1346 2767 1375 2822 id
1393 2772 1505 2840 tempus
1523 2769 1547 2823 si
1564 2769 1685 2825 tarditas
1697 2768 1847 2834 adferatur,
1867 2772 1934 2822 tunc

488 2855 575 2910 militi
593 2855 683 2911 debiti
701 2855 838 2925 postulati
856 2857 1041 2927 delegandam
1060 2873 1119 2912 esse
1138 2854 1282 2910 rationem.
1320 2854 1397 2918 Quae
1417 2855 1555 2926 pietatem
1566 2859 1691 2912 nostram
1704 2856 1756 2912 viri
1769 2854 1934 2928 spectabilis
1976 2873 1987 2910 s

487 2942 608 2997 Bubulci
626 2942 737 2997 comitis
753 2947 782 2998 et
793 2943 883 3014 legati
901 2944 1047 2999 decernere
1065 2942 1160 3014 coegit
1177 2940 1326 3012 eloquium.
1362 2959 1424 2997 uxr.
1444 2961 1462 2998 v
1486 2960 1549 2999 ssu.
1573 2960 1639 2998 uss.
1659 2959 1724 2998 eosn
1740 2959 1815 2997 cors.
1837 2957 1938 2996 mucis

488 3045 521 3082 rr
538 3045 631 3083 nsum.

581 3204 607 3256 V

490 3325 504 3378 1
523 3324 615 3390 Celeri]
630 3327 784 3391 procormsli
801 3326 911 3395 Africae
993 3325 1033 3393 112
1050 3327 1111 3380 diss.
1130 3328 1182 3380 iud.
1235 3324 1387 3395 libubulci]
1412 3327 1532 3381 Pittacon
1554 3336 1577 3381 et
1599 3326 1780 3395 Gotlrosredue
1802 3329 1838 3380 ad
1861 3332 1901 3395 12,
1914 3332 1936 3395 1,

487 3392 544 3463 pro]
563 3397 662 3461 scripsi,
681 3413 727 3463 pro
745 3396 804 3448 diss.
826 3397 877 3448 iud.
894 3395 919 3446 V
975 3394 1091 3448 3aurim
1108 3395 1148 3446 V·
1237 3396 1446 3462 186,bubu1iV
1493 3415 1540 3466 pos
1557 3414 1641 3451 conss.
1660 3397 1685 3449 V

396 3636 715 3708 mmmm

573 3760 640 3797 roms
657 3761 704 3797 rr.
724 3759 876 3797 vouvsriuo
895 3744 1068 3811 murreaque)
1086 3745 1269 3812 r(nxxron1)o.
1305 3762 1371 3799 ross
1389 3761 1466 3799 aua:
1496 3746 1540 3800 Ne
1553 3744 1748 3815 provinciales,
1766 3745 1933 3812 adquorum

485 3828 628 3885 utilitates
646 3833 757 3898 spectat
776 3830 864 3883 omnis
882 3830 952 3883 haec
971 3835 1066 3884 nostra
1084 3830 1215 3899 provisio,
1235 3848 1252 3885 ιι
1270 3830 1419 3887 devotione
1444 3836 1556 3888 revocet
1573 3830 1661 3885 nimia
1678 3829 1814 3886 securitas
1833 3833 1862 3885 et
1880 3830 1932 3884 sol·

488 3916 569 3970 vendi
589 3916 718 3970 voluntas
737 3919 827 3970 cesset
845 3915 1012 3971 necessitate
1030 3917 1167 3982 submota,
1185 3934 1228 3982 ea,
1246 3935 1319 3986 quae
1331 3922 1425 3973 nostro
1437 3917 1546 3973 aerario
1560 3917 1745 3988 pensitantur,
1757 3917 1811 3971 hac
1823 3915 1931 3972 ratione

485 4000 646 4066 dissolvent,
672 4006 704 4055 ut
731 4001 805 4056 omni
832 4002 926 4067 modo,
953 4006 1104 4071 antequam
1131 4003 1263 4059 elabatur
1285 4004 1417 4069 indictio,
1436 4022 1529 4059 annua
1547 4004 1656 4058 tributa
1673 4007 1771 4074 gratus
1791 4002 1933 4058 beneficiis

484 4089 588 4144 nostris
606 4106 747 4159 possessor
766 4090 901 4145 exsolvat.
937 4090 966 4144 Si
986 4091 1049 4160 quis
1068 4109 1132 4146 vero
1151 4090 1317 4147 solutionem
1337 4090 1457 4146 voluerit
1480 4090 1508 4144 in
1527 4093 1654 4160 tempora
1672 4088 1800 4161 longiora
1817 4087 1935 4170 differre,
1974 4121 1986 4159 5

484 4176 559 4231 hunc
582 4175 743 4246 provinciae
767 4179 857 4231 rector
881 4175 955 4231 omni
979 4175 1134 4231 exactionis
1158 4177 1314 4234 acerbitate
1334 4177 1485 4247 conpellat.
1522 4194 1555 4231 sn
1572 4194 1683 4232 omnus.
1719 4193 1781 4232 uxr.
1800 4192 1849 4231 xvr
1868 4192 1934 4230 xer..

485 4281 568 4319 usur.
586 4266 756 4333 navarrus)
774 4281 839 4319 eosr
857 4282 930 4320 cous.
945 4282 1045 4320 ruurcrs
1063 4282 1096 4319 sn
1115 4283 1207 4321 rivas.

579 4439 604 4491 V

483 4560 501 4612 3
518 4569 602 4614 cesset
622 4556 785 4625 necessitate]
804 4560 991 4627 Gotlrosredroe,
1015 4568 1116 4613 cessent
1137 4578 1180 4612 ne-
1233 4561 1442 4626 sequestrarat.
1464 4569 1547 4627 mart,
1566 4568 1684 4628 norpeclc
1703 4561 1774 4613 lectio
1850 4558 1866 4611 7
1885 4577 1932 4627 poa

485 4629 656 4684 witatesV
734 4629 908 4682 bacoruitate
923 4630 948 4679 V
1004 4632 1049 4681 xui
1068 4630 1104 4695 la]
1123 4648 1180 4680 cram
1235 4647 1305 4682 cons.
1323 4629 1348 4680 V

396 4870 418 4936 l,
433 4869 468 4925 36
486 4870 546 4938 (431
566 4870 633 4941 Apr.
645 4870 697 4940 29).

570 4992 637 5030 mxu
660 4994 706 5029 aa.
730 4989 869 5029 mamre
890 4975 1066 5043 spumoso)
1090 4973 1274 5043 murmurio.
1319 4973 1443 5043 Excepto
1472 4972 1642 5043 patrimonio
1669 4971 1786 5043 pietatis
1809 4975 1930 5035 nostrae,

485 5062 564 5118 euius
586 5061 698 5130 quidem
725 5061 831 5116 reditus
858 5060 1072 5117 necessitatibus
1100 5059 1223 5130 publicis
1248 5059 1470 5128 frequentissime
1495 5061 1676 5131 deputamus,
1699 5060 1841 5113 universos
1868 5075 1930 5128 pos

484 5167 603 5206 sessores
629 5147 787 5203 functiones
813 5147 842 5201 in
870 5146 1026 5202 *canonicis
1053 5147 1096 5201 et*
1125 5145 1362 5215 superindioticiis
1392 5145 1486 5202 titulis
1513 5146 1618 5214 absque
1689 5147 1699 5169 i
1724 5148 1802 5201 *ons
1821 5161 1890 5201 iven.

484 5235 570 5292 ullius
593 5234 721 5291 beneficii
745 5234 908 5304 exceptione
936 5251 1086 5304 agnoscere
1111 5236 1240 5303 oportere
1265 5250 1413 5289 censemus.
1432 5236 1444 5302 11
1460 5233 1553 5304 Igitur
1569 5238 1619 5289 tna
1682 5236 1748 5304 llfin.
1768 5248 1837 5285 nuso.

484 5321 644 5378 sublimitas
662 5320 833 5393 pragmatici
856 5320 943 5376 nostri
966 5325 1076 5376 statuta
1099 5320 1258 5376 custodiens
1281 5319 1470 5376 indifferenter
1488 5322 1619 5374 cunctum
1970 5348 1982 5388 5

482 5535 501 5589 8
518 5536 658 5589 functionis
675 5534 697 5585 V
763 5531 781 5586 4
798 5534 884 5587 beticii
900 5533 925 5585 V
