4800 6400
263 739 312 792 ns
329 739 556 793 mecanoun
571 743 750 796 nnrresrs
767 744 931 797 Auuouen
1067 748 1129 810 315
1555 746 1622 811 VII
1645 749 1664 812 3
1688 749 1772 811 2-4
1795 748 1815 811 3

371 910 448 981 prior
468 911 611 969 incederet
628 912 726 983 quisve
744 916 965 985 subsequeretur,
984 937 1049 973 cum
1068 921 1185 986 uterque
1203 916 1265 986 pari
1277 917 1400 972 eiusdem
1412 917 1515 989 gindus
1528 917 1665 974 niteretur
1680 916 1815 988 auspicio,

371 1015 428 1054 non
446 998 578 1056 inmerito
596 1001 713 1072 placuit,
732 1004 772 1066 ut,
791 1002 921 1072 quotiens
942 1003 1081 1060 codicillis
1105 1005 1149 1060 vel
1171 1003 1258 1059 sacris
1281 1003 1415 1059 affatibus
1438 1004 1514 1060 ullus
1535 1022 1569 1061 ex
1594 1003 1651 1059 alio
1674 1005 1711 1059 ad
1728 1004 1816 1059 alium

371 1085 493 1156 gradum
516 1105 579 1143 cum
603 1088 690 1145 isdem
714 1088 862 1160 stipendiis
884 1090 1040 1163 emigrarit,
1064 1090 1184 1148 triennio
1203 1090 1229 1147 ei
1247 1093 1447 1161 postponatur,
1470 1109 1554 1161 quem
1571 1109 1630 1146 sors
1647 1090 1768 1148 militiae
1787 1090 1816 1146 in

367 1189 433 1228 enm
453 1191 629 1246 progressum
647 1175 764 1232 duxerit.
800 1195 862 1233 nir.
880 1195 900 1233 1
918 1195 981 1235 m.
999 1195 1054 1233 ocr.
1074 1195 1194 1233 noscero
1213 1195 1264 1232 rm
1282 1195 1314 1233 nr
1332 1195 1481 1235 monuero
1498 1196 1531 1234 nr
1548 1196 1596 1234 u.
1614 1195 1702 1235 conss

461 1388 487 1440 Β

269 1861 305 1918 aa
321 1861 372 1917 tu
563 1851 657 1955 ΙΙΠΙ.
694 1860 755 1932 DE
782 1860 1092 1937 EROGATIONE
1118 1861 1365 1937 MILITARIS
1391 1861 1631 1938 ANNONAE.

785 1994 850 2047 lut.
864 1994 904 2060 12,
916 1993 958 2048 37.

263 2049 329 2116 Μ
343 2051 357 2106 l
371 2057 433 2127 (825
451 2058 514 2114 Oct.
528 2059 581 2126 19).

462 2179 518 2216 m.
536 2180 740 2219 consrirrnrvs
756 2183 783 2219 s.
802 2183 879 2222 narr
896 2183 975 2222 rmrx
992 2167 1160 2238 mamm)
1178 2168 1310 2236 n(o)s(1s).
1345 2165 1485 2222 'l'ribnnos
1496 2166 1555 2222 sive
1567 2166 1750 2237 praepositos,
1769 2168 1817 2237 qni

375 2246 483 2305 milites
501 2253 608 2306 nostros
627 2255 733 2315 curant,
751 2269 874 2307 annonas
893 2269 943 2322 per
960 2252 1020 2309 dies
1036 2252 1162 2324 singulos
1180 2252 1340 2309 scribtionis
1358 2252 1462 2308 indicio
1480 2251 1534 2308 sibi
1547 2252 1658 2310 debitas
1670 2251 1699 2307 in
1712 2253 1818 2310 horreis

374 2335 566 2405 derelinquere
584 2355 638 2392 non
657 2340 776 2409 oportet,
795 2341 828 2392 ut
846 2341 1038 2408 procuratores
1061 2358 1109 2395 scu
1127 2344 1302 2410 susceptores
1320 2340 1365 2396 vel
1383 2338 1537 2411 praepositi
1556 2357 1693 2411 pagorum
1710 2344 1740 2396 et
1757 2341 1818 2395 hor-

374 2440 485 2479 reorum
505 2441 568 2480 eam
590 2426 755 2495 conparent:
782 2424 848 2480 hinc
874 2424 949 2481 enim
975 2426 1019 2494 fit,
1041 2429 1074 2482 ut
1097 2445 1115 2482 a
1136 2426 1358 2497 provincialibus
1380 2444 1435 2481 non
1460 2444 1595 2491 annonas,
1617 2426 1667 2482 sed
1683 2426 1818 2497 pecunias

375 2509 522 2580 postulent
539 2511 686 2566 memorati
703 2510 772 2581 ipsis
790 2511 877 2568 etiarn
895 2512 1041 2583 speciebus
1058 2512 1267 2570 remanentibus
1290 2512 1400 2568 sitistis
1418 2512 1509 2581 adque
1528 2512 1675 2585 corruptis.
1711 2512 1818 2569 Consti-
1858 2531 1869 2568 s

372 2596 479 2653 tuimns
496 2596 606 2669 igitulr]
625 2597 776 2654 derelictae
794 2617 920 2656 annonae
937 2600 1003 2656 fisco
1021 2599 1206 2671 conpendium
1225 2599 1368 2666 vindicari,
1381 2599 1639 2670 su[b]scribendario
1658 2604 1688 2657 et
1705 2600 1819 2672 optione

374 2683 472 2757 gladio
490 2683 629 2749 feriendis,
647 2684 779 2754 quonium
796 2685 856 2741 lieri
873 2704 928 2742 non
947 2690 1051 2758 potest,
1077 2690 1110 2743 nt
1128 2688 1172 2744 vel
1190 2686 1379 2758 provinciales
1403 2687 1508 2743 iterata
1526 2686 1685 2743 conlatione
1702 2705 1818 2759 graven-

375 2773 422 2826 tur
439 2771 485 2826 vel
502 2769 642 2826 militibus
661 2775 809 2842 ccmrptae
830 2773 939 2843 species
957 2773 1118 2829 dividantur
1135 2773 1358 2830 detrectantibus
1382 2773 1542 2831 memoratis
1566 2774 1602 2828 ad
1620 2773 1694 2830 diem
1711 2793 1818 2830 sumere

375 2875 500 2914 annonas
518 2876 584 2915 suae
603 2877 740 2930 congruas
758 2859 901 2931 dignitati.
936 2862 969 2915 In
986 2879 1043 2930 qua
1061 2862 1146 2931 culpa
1163 2860 1186 2915 si
1205 2860 1268 2930 quis
1286 2860 1371 2917 fuerit
1389 2861 1591 2931 adprehensus,
1615 2878 1666 2917 nec
1684 2877 1818 2930 personae

373 2943 476 3001 merito
505 2963 556 3001 nec
585 2945 698 3001 honoris
727 2946 841 3019 fastigio
870 2947 1058 3005 defendendus
1082 2951 1134 3005 est
1177 2965 1240 3004 nan.
1263 2965 1327 3004 nun
1352 2965 1417 3004 nr.
1444 2965 1508 3004 nor.
1535 2964 1617 3012 sevis
1642 2964 1762 3004 ravano
1785 2964 1818 3003 nr
1846 2964 1870 3003 rc

372 3050 487 3090 munuc
504 3049 594 3088 conss.

459 3243 485 3295 Β

378 3362 479 3417 lbabe
496 3364 522 3415 Β
607 3362 679 3432 felix]
704 3367 816 3432 fortusse
832 3367 889 3431 ᾔῇὀ
992 3363 1071 3419 iens
1157 3366 1324 3419 uendicnriB
1375 3364 1650 3433 suslscribendariosli
1720 3368 1818 3437 lteri]

377 3434 555 3501 Gctlsosredns
630 3433 867 3500 bremonentibus]
887 3434 970 3486 Gotho
984 3436 1071 3499 ναίω,
1123 3438 1184 3488 ferri
1197 3436 1267 3489 Beck
1348 3436 1819 3506 Steuoenntibus]01daotu,de

375 3503 547 3556 remanenti?
628 3501 763 3571 digitulr]
777 3504 809 3570 Β,
828 3506 936 3570 ideoque
992 3506 998 3517 '
1034 3506 1070 3557 'as
1123 3506 1355 3559 tractationibusli
1423 3505 1687 3574 tlsdpraebcnsusli

263 3746 363 3821 urse
376 3762 439 3831 (355
457 3762 524 3835 apr.
536 3765 572 3833 e).

466 3885 523 3923 ιιι».
542 3886 725 3924 coumlnrrvs
743 3889 768 3924 A.
787 3887 825 3924 sn
842 3887 963 3923 rsvnvu.
1000 3869 1070 3925 Cum
1086 3869 1226 3925 militibus
1248 3889 1299 3941 per
1316 3870 1439 3926 Africam
1459 3869 1620 3925 constitutis
1637 3869 1756 3926 laridum
1776 3872 1819 3926 vel

376 3976 472 4016 recens
490 3958 607 4014 forsitan
627 3975 691 4013 curo
710 3956 842 4026 deinceps
860 3957 1029 4027 erogabitur,
1048 3957 1168 4028 ungules
1186 3957 1296 4027 orisque
1317 3958 1510 4012 tantummodo
1533 3957 1724 4013 summitatem
1742 3976 1820 4027 prae·

378 4045 436 4100 cidi
455 4044 652 4114 amputarique
671 4043 870 4113 praecipimus,
890 4063 923 4098 ne
944 4043 1060 4114 porcina
1082 4043 1192 4114 integra
1210 4047 1367 4115 separetur,
1386 4046 1434 4100 sed
1451 4044 1609 4115 erogationi
1628 4043 1756 4115 proficiat
1774 4063 1820 4099 an-

377 4132 517 4188 nonariae.
553 4148 615 4186 nar.
635 4148 686 4185 vm
704 4149 739 4185 m.
759 4148 849 4186 eran..
868 4148 1014 4185 sermons
1031 4147 1064 4185 nr
1081 4148 1214 4187 ncunnro
1231 4149 1320 4187 conss.

461 4341 487 4393 Β

377 4460 392 4514 l
410 4464 444 4515 nd
462 4460 575 4529 taurum]
593 4464 687 4515 salices
702 4466 864 4530 praefectam
877 4466 1012 4528 praetorio
1081 4464 1099 4516 2
1116 4467 1231 4518 forsitam
1244 4467 1269 4516 Β

1409 4606 1819 4615 ————

263 4699 583 4771 umfflmm

461 4823 528 4860 rnmr
546 4824 572 4861 s.
592 4823 623 4860 nr
641 4823 772 4860 rvnrnuvs
795 4823 868 4860 cens.
893 4823 931 4859 nn
948 4822 1069 4860 rivers.
1107 4806 1204 4863 Comes
1227 4806 1360 4862 militaris
1382 4806 1422 4862 rei
1440 4825 1491 4877 per
1508 4805 1632 4860 Africam
1650 4803 1819 4860 constitutus

376 4896 475 4947 contra
498 4891 617 4947 vetitum
643 4891 750 4962 species
777 4892 944 4947 annonarias
973 4893 1006 4948 de
1035 4892 1154 4948 conditis
1177 4893 1295 4948 arbitrio
1318 4912 1367 4948 suo
1389 4893 1493 4948 dicitur
1515 4909 1670 4961 usurpasse.
1707 4891 1766 4946 Hoc
1785 4892 1819 4947 de

377 4981 472 5034 cetero
499 4978 571 5033 citra
598 4978 697 5033 vicarii
725 4979 871 5034 arbitrium
896 4979 955 5035 fieri
978 4998 1032 5034 non
1055 4982 1161 5049 potest,
1181 4979 1205 5033 si
1224 4978 1343 5034 vicarius
1365 4978 1476 5034 comitis
1498 4976 1648 5032 scribtione
1668 4980 1820 5033 conventus

264 5061 293 5116 39
304 5064 357 5119 l.3⁴
374 5063 515 5131 didicerit,
534 5063 583 5133 qui
598 5068 603 5131 Ι
618 5084 747 5121 numerus
765 5084 935 5121 annonarum
959 5069 988 5121 ct
1010 5065 1111 5134 quibus
1133 5066 1219 5121 debet
1236 5065 1358 5136 erogari,
1376 5068 1462 5133 ablue
1481 5062 1510 5117 id
1528 5062 1586 5119 lieri
1605 5065 1734 5133 oportere
1753 5082 1815 5120 cen·

374 5148 471 5206 snerit.
508 5167 569 5204 nir.
587 5168 626 5205 xv
643 5168 707 5206 nn.
725 5169 781 5206 rau.
801 5169 892 5206 smnio
910 5168 1075 5207 cousriurm
1094 5170 1120 5206 s.
1139 5169 1202 5205 vnn
1219 5169 1252 5205 rr
1269 5168 1382 5206 rvnuuc
1400 5168 1422 5205 c.
1440 5167 1529 5204 conss.
1860 5164 1872 5202 s

462 5357 488 5409 Β

373 5479 442 5532 lsd
459 5476 575 5545 tsnrnm]
592 5478 687 5531 reticet
701 5480 863 5544 praesectam
878 5482 1012 5544 praetorio
1120 5481 1212 5533 nicarii
1233 5477 1326 5544 (uicmi
1346 5479 1379 5546 Β)
1402 5476 1547 5546 arbitrium]
1571 5478 1661 5530 malim
1681 5478 1746 5530 citra
1770 5478 1820 5529 uic.

371 5546 641 5615 2annonaelrissll·
727 5547 770 5612 223
789 5551 837 5601 hoc
854 5551 886 5603 de
905 5557 989 5603 cetero
1007 5552 1071 5602 citra
1122 5551 1271 5603 arbitrium:
1285 5551 1472 5603 hocdccetero
1525 5543 1632 5614 dcam]
1645 5549 1819 5601 sscien
