4800 6400
610 699 730 750 TITVLI
1314 690 1355 752 22
1940 687 2005 738 LIB.
2017 686 2057 737 XI

786 862 982 918 CORPORIS
1003 861 1135 916 PLENI
1260 857 1400 912 TITVLI
1466 855 1687 911 BREVIARII
1706 854 1947 911 ALARIOIANI

679 970 780 1025 XVIII.
800 967 854 1031 Qui
884 984 902 1021 a
920 966 1096 1036 praebitione
1126 965 1247 1021 tironum
1276 969 1307 1020 et

833 1070 967 1122 equorum
985 1057 1158 1109 excusentur.

667 1210 782 1266 XVIIII.
801 1209 841 1264 De
857 1141 1021 1263 IVonlatione
1048 1207 1194 1262 fundorum
1221 1207 1307 1277 patri-

834 1292 997 1348 moniolium
1012 1293 1055 1348 vel
1073 1292 1308 1363 enlyteutieornm

835 1382 864 1435 et
882 1377 923 1432 rei
941 1379 1077 1448 privatae.

723 1537 782 1591 XX.
803 1535 841 1589 De
861 1467 1036 1587 Vconlatione
1070 1534 1235 1588 donatarum
1265 1535 1309 1589 vel

835 1620 1022 1675 relevatarum
1042 1619 1253 1689 possessionum.

858 1707 882 1757 V

712 1778 785 1831 XXI.
805 1776 844 1830 De
863 1773 1021 1829 conlatione
1039 1773 1119 1829 aeris.

693 1914 780 1970 XXII.
800 1913 843 1967 Ne
859 1845 1029 1965 1clonlationis
1047 1909 1196 1965 translatio
1215 1912 1309 1979 postn-

836 1999 916 2053 letur.

859 2069 884 2119 V

680 2139 782 2193 XXIII.
801 2136 842 2191 Do
860 2131 1038 2205 protostasia.

665 2292 781 2347 XXIIII.
801 2292 839 2346 De
857 2224 1021 2360 Ipatrociniis
1041 2286 1170 2341 vicorum.

692 2447 778 2501 XXV.
797 2446 837 2501 De
855 2378 1105 2514 gundrimenstruis
1123 2442 1262 2499 brevibus.

682 2618 781 2674 XXVI.
800 2618 841 2673 De
855 2534 1067 2672 Xiscusson'bus.

667 2791 781 2847 XXVII.
799 2790 840 2845 De
853 2706 1002 2851 :limentis
1015 2806 1088 2857 quae
1101 2787 1198 2858 inopes
1211 2807 1307 2859 paren-

833 2880 875 2931 tes
893 2875 927 2930 de
945 2873 1059 2944 publico
1082 2877 1176 2944 petere
1196 2875 1307 2931 debent.

857 2963 882 3013 V

652 3050 780 3105 XXVIII.
800 3048 842 3103 De
860 3045 1043 3117 indulgentiis
1061 3045 1226 3102 debitorum.

857 3134 882 3184 V

639 3221 780 3276 XXVIIII.
799 3220 839 3276 De
858 3216 1049 3273 relationibus.

696 3392 783 3446 XXX.
801 3392 842 3447 De
859 3307 1118 3460 Vappellationibus
1147 3394 1176 3446 ot
1212 3392 1309 3461 poenis
1386 3395 1462 3449 VIII.
1481 3417 1514 3440 =

788 3503 792 3512 ·
835 3495 931 3532 earum
948 3480 978 3532 ut
996 3475 1256 3533 consultationibus.
1514 3481 1724 3549 appellationes
1789 3487 1815 3531 et
1836 3479 2057 3533 analanonitus

858 3565 882 3614 V
1515 3568 1591 3621 NOL
1608 3577 1633 3620 et
1650 3569 1722 3633 (port
1737 3565 1806 3633 app.)
1816 3566 1842 3616 B

680 3650 780 3704 XXXI.
799 3646 1069 3719 Derepurationibus
1077 3648 1309 3718 appellationum.
1374 3652 1463 3706 VIIII.
1483 3675 1515 3697 =

859 3737 883 3786 V

667 3804 781 3859 XXXII.
800 3805 840 3859 llo
859 3803 979 3924 srecundo
996 3803 1085 3858 labsu.

656 3943 785 3998 XXXIII.
802 3942 845 3997 De
864 3938 1048 4062 ‹lllilationibus
1065 3959 1099 3996 ex
1118 3959 1258 3998 consensu.

637 4096 783 4152 XXXIIII.
802 4097 842 4152 Do
865 4095 921 4160 his,
945 4095 994 4164 qui
1016 4098 1188 4166 permotum
1213 4096 1314 4152 iudicis

837 4200 892 4236 non
910 4182 1133 4252 appellaverunt.

859 4270 883 4319 V

670 4356 781 4411 XXXV.
800 4353 829 4408 Si
854 4353 993 4423 pendente
1017 4353 1210 4424 appellatione
1237 4375 1309 4412 mors
1429 4353 1463 4407 X.
1482 4376 1515 4398 =

835 4438 1024 4494 intervenerit.
1514 4441 1720 4495 intercesseritB

858 4528 883 4578 V

655 4612 782 4668 XXXVI.
802 4613 923 4675 Quorum
946 4611 1152 4681 appellationes
1169 4631 1225 4668 non
1241 4613 1308 4670 roei-
1414 4610 1463 4664 XI.
1483 4634 1515 4656 =

835 4697 959 4768 piantur.

858 4784 881 4835 V

640 4871 780 4926 XXXVII.
799 4869 827 4924 Si
837 4870 871 4926 de
882 4869 1113 4926 momentofuerit
1122 4872 1307 4940 appellatum.
1400 4867 1462 4920 XII.
1482 4891 1514 4912 =

859 4959 884 5009 V
1514 4957 1546 5008 ds
1563 4954 1607 5023 ra]
1626 4957 1658 5009 de
1675 4955 1734 5020 (om,
1748 4956 1786 5021 B)
1802 4961 1959 5007 momontum
1970 4953 2025 5004 NB

626 5042 781 5097 XXXVIII.
799 5041 840 5098 De
868 5040 1040 5111 possessione
1067 5042 1103 5096 ab
1130 5060 1162 5098 eo
1189 5043 1239 5111 qui
1265 5043 1308 5099 bis
1386 5038 1461 5092 XIII·
1481 5063 1513 5085 =

835 5127 1030 5197 provocaverit
1047 5129 1247 5185 transferenda.
1514 5130 1559 5193 qui
1577 5127 1626 5196 bis]
1645 5126 1774 5194 quibunt

859 5217 883 5265 V

612 5299 781 5354 XXXVIIII.
799 5299 840 5354 De
868 5300 921 5355 fide
947 5299 1062 5355 testium
1089 5303 1118 5356 ot
1144 5300 1308 5356 instrumen-
1374 5297 1463 5351 XIIII.
1483 5321 1516 5342 =

835 5387 934 5440 torum.
1359 5423 1555 5430 -—

853 5472 878 5522 ν
1411 5470 1803 5540 annonuaaasom
