<?xml version="1.0" encoding="UTF-8"?>
<!DOCTYPE html PUBLIC "-//W3C//DTD XHTML 1.0 Transitional//EN"
    "http://www.w3.org/TR/xhtml1/DTD/xhtml1-transitional.dtd">
<html xmlns="http://www.w3.org/1999/xhtml" xml:lang="en" lang="en">
 <head>
  <title>
</title>
<meta http-equiv="Content-Type" content="text/html;charset=utf-8" />
  <meta name='ocr-system' content='tesseract 3.04.00' />
  <meta name='ocr-capabilities' content='ocr_page ocr_carea ocr_par ocr_line ocrx_word'/>
</head>
<body>
  <div class='ocr_page' id='page_1' title='image "./theodosianilibr01sirmgoog_0723.png"; bbox 0 0 4800 6400; ppageno 0'>
   <div class='ocr_carea' id='block_1_1' title="bbox 512 702 1964 775">
    <p class='ocr_par' dir='ltr' id='par_1_1' title="bbox 512 702 1964 775">
     <span class='ocr_line' id='line_1_1' title="bbox 512 702 1964 775; baseline -0.009 0"><span class='ocrx_word' id='word_1_1' title='bbox 512 708 771 775; x_wconf 55' lang='lat' dir='ltr'>mfflwa</span> <span class='ocrx_word' id='word_1_2' title='bbox 936 702 938 705; x_wconf 76' lang='grc'>’</span> <span class='ocrx_word' id='word_1_3' title='bbox 1198 712 1261 774; x_wconf 69' lang='grc' dir='ltr'>ηδ</span> <span class='ocrx_word' id='word_1_4' title='bbox 1612 710 1964 773; x_wconf 65' lang='lat' dir='ltr'>mmfflmm</span> 
     </span>
    </p>
   </div>
   <div class='ocr_carea' id='block_1_2' title="bbox 358 879 728 951">
    <p class='ocr_par' dir='ltr' id='par_1_2' title="bbox 358 879 728 951">
     <span class='ocr_line' id='line_1_2' title="bbox 358 879 728 951; baseline -0.003 -16"><span class='ocrx_word' id='word_1_5' title='bbox 358 879 728 951; x_wconf 61' lang='lat' dir='ltr'>memfflmwn</span> 
     </span>
    </p>
   </div>
   <div class='ocr_carea' id='block_1_3' title="bbox 512 982 1964 1228">
    <p class='ocr_par' dir='ltr' id='par_1_3' title="bbox 512 982 1964 1228">
     <span class='ocr_line' id='line_1_3' title="bbox 597 982 1964 1055; baseline 0 -16"><span class='ocrx_word' id='word_1_6' title='bbox 597 1001 665 1039; x_wconf 80' lang='lat' dir='ltr'>murs</span> <span class='ocrx_word' id='word_1_7' title='bbox 682 1002 730 1039; x_wconf 79' lang='lat' dir='ltr'>ss.</span> <span class='ocrx_word' id='word_1_8' title='bbox 748 1002 787 1039; x_wconf 79' lang='lat' dir='ltr'>sn</span> <span class='ocrx_word' id='word_1_9' title='bbox 803 1000 987 1039; x_wconf 77' lang='lat' dir='ltr'>msarmvrs</span> <span class='ocrx_word' id='word_1_10' title='bbox 998 984 1197 1055; x_wconf 74' lang='lat' dir='ltr'>rlnsmsorvu)</span> <span class='ocrx_word' id='word_1_11' title='bbox 1210 984 1394 1054; x_wconf 55' lang='lat' dir='ltr'>marmorum.</span> <span class='ocrx_word' id='word_1_12' title='bbox 1430 982 1610 1053; x_wconf 82' lang='lat' dir='ltr'>Susceptores</span> <span class='ocrx_word' id='word_1_13' title='bbox 1627 982 1693 1038; x_wconf 85' lang='lat' dir='ltr'>novi</span> <span class='ocrx_word' id='word_1_14' title='bbox 1711 1001 1767 1038; x_wconf 92' lang='lat' dir='ltr'>non</span> <span class='ocrx_word' id='word_1_15' title='bbox 1779 983 1866 1039; x_wconf 91' lang='lat' dir='ltr'>modo</span> <span class='ocrx_word' id='word_1_16' title='bbox 1884 1001 1964 1054; x_wconf 87' lang='lat' dir='ltr'>prae·</span> 
     </span>
     <span class='ocr_line' id='line_1_4' title="bbox 514 1069 1963 1142; baseline 0 -16"><span class='ocrx_word' id='word_1_17' title='bbox 514 1070 602 1126; x_wconf 84' lang='lat' dir='ltr'>sentis</span> <span class='ocrx_word' id='word_1_18' title='bbox 620 1070 688 1126; x_wconf 90' lang='lat' dir='ltr'>anni</span> <span class='ocrx_word' id='word_1_19' title='bbox 706 1070 811 1135; x_wconf 90' lang='lat' dir='ltr'>debita,</span> <span class='ocrx_word' id='word_1_20' title='bbox 830 1088 926 1126; x_wconf 82' lang='lat' dir='ltr'>verum</span> <span class='ocrx_word' id='word_1_21' title='bbox 944 1071 1031 1126; x_wconf 90' lang='lat' dir='ltr'>etiam</span> <span class='ocrx_word' id='word_1_22' title='bbox 1049 1071 1164 1142; x_wconf 89' lang='lat' dir='ltr'>species,</span> <span class='ocrx_word' id='word_1_23' title='bbox 1183 1089 1255 1141; x_wconf 90' lang='lat' dir='ltr'>quae</span> <span class='ocrx_word' id='word_1_24' title='bbox 1274 1089 1307 1126; x_wconf 85' lang='lat' dir='ltr'>ex</span> <span class='ocrx_word' id='word_1_25' title='bbox 1325 1069 1442 1140; x_wconf 90' lang='lat' dir='ltr'>reliquis</span> <span class='ocrx_word' id='word_1_26' title='bbox 1460 1069 1628 1135; x_wconf 85' lang='lat' dir='ltr'>inferuntur,</span> <span class='ocrx_word' id='word_1_27' title='bbox 1646 1069 1714 1140; x_wconf 89' lang='lat' dir='ltr'>quia</span> <span class='ocrx_word' id='word_1_28' title='bbox 1731 1087 1823 1127; x_wconf 86' lang='lat' dir='ltr'>novae</span> <span class='ocrx_word' id='word_1_29' title='bbox 1841 1074 1912 1126; x_wconf 88' lang='lat' dir='ltr'>sunt</span> <span class='ocrx_word' id='word_1_30' title='bbox 1928 1088 1963 1126; x_wconf 87' lang='lat' dir='ltr'>ac</span> 
     </span>
     <span class='ocr_line' id='line_1_5' title="bbox 512 1156 1928 1228; baseline -0.001 -14"><span class='ocrx_word' id='word_1_31' title='bbox 512 1162 645 1222; x_wconf 74' lang='lat' dir='ltr'>recentes,</span> <span class='ocrx_word' id='word_1_32' title='bbox 663 1156 827 1228; x_wconf 87' lang='lat' dir='ltr'>suscipiant.</span> <span class='ocrx_word' id='word_1_33' title='bbox 863 1174 924 1213; x_wconf 75' lang='lat' dir='ltr'>nur.</span> <span class='ocrx_word' id='word_1_34' title='bbox 943 1173 1016 1213; x_wconf 80' lang='lat' dir='ltr'>ram.</span> <span class='ocrx_word' id='word_1_35' title='bbox 1038 1176 1102 1214; x_wconf 74' lang='lat' dir='ltr'>issi„</span> <span class='ocrx_word' id='word_1_36' title='bbox 1116 1176 1179 1214; x_wconf 81' lang='lat' dir='ltr'>sev.</span> <span class='ocrx_word' id='word_1_37' title='bbox 1197 1160 1313 1228; x_wconf 70' lang='lat' dir='ltr'>neutra)</span> <span class='ocrx_word' id='word_1_38' title='bbox 1332 1159 1558 1227; x_wconf 62' lang='lat' dir='ltr'>saulemque</span> <span class='ocrx_word' id='word_1_39' title='bbox 1576 1174 1609 1212; x_wconf 79' lang='lat' dir='ltr'>rr</span> <span class='ocrx_word' id='word_1_40' title='bbox 1626 1173 1750 1212; x_wconf 75' lang='lat' dir='ltr'>rursm</span> <span class='ocrx_word' id='word_1_41' title='bbox 1768 1175 1817 1212; x_wconf 80' lang='lat' dir='ltr'>ss.</span> <span class='ocrx_word' id='word_1_42' title='bbox 1835 1174 1928 1213; x_wconf 76' lang='lat' dir='ltr'>conss</span> 
     </span>
    </p>
   </div>
   <div class='ocr_carea' id='block_1_4' title="bbox 605 1329 935 1397">
    <p class='ocr_par' dir='ltr' id='par_1_4' title="bbox 605 1329 935 1397">
     <span class='ocr_line' id='line_1_6' title="bbox 605 1329 935 1397; baseline -0.006 -11"><span class='ocrx_word' id='word_1_43' title='bbox 605 1332 633 1386; x_wconf 91' lang='lat' dir='ltr'>V.</span> <span class='ocrx_word' id='word_1_44' title='bbox 651 1359 686 1370; x_wconf 91' lang='lat'>-··</span> <span class='ocrx_word' id='word_1_45' title='bbox 703 1333 789 1385; x_wconf 79' lang='lat' dir='ltr'><strong><em>IVST.</em></strong></span> <span class='ocrx_word' id='word_1_46' title='bbox 803 1329 844 1394; x_wconf 90' lang='lat'>10,</span> <span class='ocrx_word' id='word_1_47' title='bbox 857 1330 899 1397; x_wconf 77' lang='lat'>72,</span> <span class='ocrx_word' id='word_1_48' title='bbox 910 1330 935 1384; x_wconf 82' lang='grc'>3.</span> 
     </span>
    </p>
   </div>
   <div class='ocr_carea' id='block_1_5' title="bbox 510 1449 1963 1592">
    <p class='ocr_par' dir='ltr' id='par_1_5' title="bbox 510 1449 1963 1592">
     <span class='ocr_line' id='line_1_7' title="bbox 510 1449 1963 1521; baseline 0.001 -18"><span class='ocrx_word' id='word_1_49' title='bbox 510 1449 528 1503; x_wconf 73' lang='lat'>2</span> <span class='ocrx_word' id='word_1_50' title='bbox 545 1452 661 1505; x_wconf 82' lang='lat' dir='ltr'>inierunt</span> <span class='ocrx_word' id='word_1_51' title='bbox 672 1453 737 1505; x_wconf 70' lang='lat' dir='ltr'>Iasi.</span> <span class='ocrx_word' id='word_1_52' title='bbox 834 1451 878 1519; x_wconf 64' lang='lat'>213</span> <span class='ocrx_word' id='word_1_53' title='bbox 895 1460 1057 1506; x_wconf 85' lang='lat' dir='ltr'>acreacentos</span> <span class='ocrx_word' id='word_1_54' title='bbox 1071 1451 1137 1505; x_wconf 84' lang='lat' dir='ltr'>last.</span> <span class='ocrx_word' id='word_1_55' title='bbox 1258 1452 1353 1505; x_wconf 80' lang='lat' dir='ltr'>debias</span> <span class='ocrx_word' id='word_1_56' title='bbox 1365 1462 1474 1520; x_wconf 82' lang='lat' dir='ltr'>propter</span> <span class='ocrx_word' id='word_1_57' title='bbox 1485 1455 1555 1521; x_wconf 77' lang='lat' dir='ltr'>finer</span> <span class='ocrx_word' id='word_1_58' title='bbox 1571 1451 1759 1505; x_wconf 66' lang='lat' dir='ltr'>{mansisses</span> <span class='ocrx_word' id='word_1_59' title='bbox 1771 1449 1963 1504; x_wconf 72' lang='lat' dir='ltr'>Mamertinam</span> 
     </span>
     <span class='ocr_line' id='line_1_8' title="bbox 510 1517 1724 1592; baseline 0 -19"><span class='ocrx_word' id='word_1_60' title='bbox 510 1517 607 1589; x_wconf 76' lang='lat' dir='ltr'>ddat]</span> <span class='ocrx_word' id='word_1_61' title='bbox 626 1522 703 1574; x_wconf 84' lang='lat' dir='ltr'>immo</span> <span class='ocrx_word' id='word_1_62' title='bbox 719 1525 755 1592; x_wconf 72' lang='lat' dir='ltr'>pp</span> <span class='ocrx_word' id='word_1_63' title='bbox 824 1540 910 1574; x_wconf 75' lang='lat' dir='ltr'>eneas</span> <span class='ocrx_word' id='word_1_64' title='bbox 928 1523 1134 1588; x_wconf 61' lang='lat' dir='ltr'>reserrentur,</span> <span class='ocrx_word' id='word_1_65' title='bbox 1152 1522 1207 1574; x_wconf 80' lang='lat' dir='ltr'>dier</span> <span class='ocrx_word' id='word_1_66' title='bbox 1259 1531 1282 1574; x_wconf 83' lang='lat' dir='ltr'>et</span> <span class='ocrx_word' id='word_1_67' title='bbox 1299 1522 1423 1591; x_wconf 77' lang='lat' dir='ltr'>Rufinum</span> <span class='ocrx_word' id='word_1_68' title='bbox 1720 1527 1724 1533; x_wconf 85' lang='grc'><em>’</em></span> 
     </span>
    </p>
   </div>
   <div class='ocr_carea' id='block_1_6' title="bbox 358 1720 746 1797">
    <p class='ocr_par' dir='ltr' id='par_1_6' title="bbox 358 1720 746 1797">
     <span class='ocr_line' id='line_1_9' title="bbox 358 1720 746 1797; baseline 0.018 -20"><span class='ocrx_word' id='word_1_69' title='bbox 358 1720 746 1797; x_wconf 51' lang='lat' dir='ltr'>mmmmm</span> 
     </span>
    </p>
   </div>
   <div class='ocr_carea' id='block_1_7' title="bbox 510 1831 1906 2006">
    <p class='ocr_par' dir='ltr' id='par_1_7' title="bbox 510 1831 1906 2006">
     <span class='ocr_line' id='line_1_10' title="bbox 588 1831 1286 1901; baseline 0 -16"><span class='ocrx_word' id='word_1_70' title='bbox 588 1848 655 1886; x_wconf 78' lang='lat' dir='ltr'>murs</span> <span class='ocrx_word' id='word_1_71' title='bbox 672 1849 719 1887; x_wconf 73' lang='lat' dir='ltr'>u.</span> <span class='ocrx_word' id='word_1_72' title='bbox 732 1848 770 1886; x_wconf 81' lang='lat' dir='ltr'>sn</span> <span class='ocrx_word' id='word_1_73' title='bbox 786 1847 957 1887; x_wconf 78' lang='lat' dir='ltr'>rnemrrvrs</span> <span class='ocrx_word' id='word_1_74' title='bbox 967 1831 1108 1899; x_wconf 61' lang='lat' dir='ltr'>omium)</span> <span class='ocrx_word' id='word_1_75' title='bbox 1121 1832 1286 1901; x_wconf 71' lang='lat' dir='ltr'>elnensem</span> 
     </span>
     <span class='ocr_line' id='line_1_11' title="bbox 510 1831 1906 2006; baseline 0.001 -36"><span class='ocrx_word' id='word_1_76' title='bbox 510 1917 726 1985; x_wconf 71' lang='lat' dir='ltr'>ateramum).</span> <span class='ocrx_word' id='word_1_77' title='bbox 762 1917 908 1974; x_wconf 84' lang='lat' dir='ltr'>Neminem</span> <span class='ocrx_word' id='word_1_78' title='bbox 926 1916 1054 1973; x_wconf 71' lang='lat' dir='ltr'>*biennio</span> <span class='ocrx_word' id='word_1_79' title='bbox 1066 1917 1127 1988; x_wconf 89' lang='lat' dir='ltr'>iugi</span> <span class='ocrx_word' id='word_1_80' title='bbox 1139 1917 1286 1988; x_wconf 80' lang='lat' dir='ltr'>allegatio</span> <span class='ocrx_word' id='word_1_81' title='bbox 1333 1831 1338 2006; x_wconf 72' lang='grc' dir='ltr'>Ι</span> <span class='ocrx_word' id='word_1_82' title='bbox 1357 1918 1542 1988; x_wconf 71' lang='lat' dir='ltr'>*susceptionis</span> <span class='ocrx_word' id='word_1_83' title='bbox 1558 1937 1665 1972; x_wconf 89' lang='lat' dir='ltr'>munere</span> <span class='ocrx_word' id='word_1_84' title='bbox 1682 1917 1815 1973; x_wconf 73' lang='lat' dir='ltr'>functum⁴</span> <span class='ocrx_word' id='word_1_85' title='bbox 1833 1934 1906 1972; x_wconf 81' lang='lat' dir='ltr'>rvsr.</span> 
     </span>
    </p>
   </div>
   <div class='ocr_carea' id='block_1_8' title="bbox 507 1999 2005 2507">
    <p class='ocr_par' dir='ltr' id='par_1_8' title="bbox 507 1999 2005 2507">
     <span class='ocr_line' id='line_1_12' title="bbox 510 1999 1958 2077; baseline 0.004 -21"><span class='ocrx_word' id='word_1_86' title='bbox 510 1999 555 2056; x_wconf 90' lang='lat' dir='ltr'>nis</span> <span class='ocrx_word' id='word_1_87' title='bbox 572 2000 672 2058; x_wconf 85' lang='lat' dir='ltr'>officiis</span> <span class='ocrx_word' id='word_1_88' title='bbox 688 2002 824 2061; x_wconf 90' lang='lat' dir='ltr'>inservire</span> <span class='ocrx_word' id='word_1_89' title='bbox 841 2003 998 2075; x_wconf 89' lang='lat' dir='ltr'>permittat,</span> <span class='ocrx_word' id='word_1_90' title='bbox 1017 2003 1154 2059; x_wconf 89' lang='lat' dir='ltr'>neminem</span> <span class='ocrx_word' id='word_1_91' title='bbox 1172 2004 1210 2059; x_wconf 90' lang='lat' dir='ltr'>ab</span> <span class='ocrx_word' id='word_1_92' title='bbox 1227 2003 1387 2060; x_wconf 88' lang='lat' dir='ltr'>huiusmodi</span> <span class='ocrx_word' id='word_1_93' title='bbox 1404 2004 1531 2060; x_wconf 73' lang='lat' dir='ltr'>munere⁴</span> <span class='ocrx_word' id='word_1_94' title='bbox 1551 2005 1588 2059; x_wconf 91' lang='lat' dir='ltr'>ad</span> <span class='ocrx_word' id='word_1_95' title='bbox 1606 2004 1679 2060; x_wconf 91' lang='lat' dir='ltr'>idem</span> <span class='ocrx_word' id='word_1_96' title='bbox 1693 2023 1794 2061; x_wconf 90' lang='lat' dir='ltr'>munus</span> <span class='ocrx_word' id='word_1_97' title='bbox 1806 2005 1958 2077; x_wconf 73' lang='lat' dir='ltr'><strong>adstringi,</strong></span> 
     </span>
     <span class='ocr_line' id='line_1_13' title="bbox 509 2088 1960 2164; baseline 0.005 -21"><span class='ocrx_word' id='word_1_98' title='bbox 509 2088 565 2143; x_wconf 89' lang='lat' dir='ltr'>nisi</span> <span class='ocrx_word' id='word_1_99' title='bbox 583 2089 661 2160; x_wconf 89' lang='lat' dir='ltr'>prius</span> <span class='ocrx_word' id='word_1_100' title='bbox 678 2107 708 2145; x_wconf 89' lang='lat' dir='ltr'>se</span> <span class='ocrx_word' id='word_1_101' title='bbox 726 2089 839 2147; x_wconf 85' lang='lat' dir='ltr'>vinculo</span> <span class='ocrx_word' id='word_1_102' title='bbox 861 2090 1062 2147; x_wconf 73' lang='lat' dir='ltr'><strong>sollicitudinis</strong></span> <span class='ocrx_word' id='word_1_103' title='bbox 1085 2089 1236 2161; x_wconf 89' lang='lat' dir='ltr'>superioris</span> <span class='ocrx_word' id='word_1_104' title='bbox 1258 2090 1419 2147; x_wconf 82' lang='lat' dir='ltr'>absolverit.</span> <span class='ocrx_word' id='word_1_105' title='bbox 1454 2090 1529 2146; x_wconf 83' lang='lat' dir='ltr'>Nam</span> <span class='ocrx_word' id='word_1_106' title='bbox 1551 2108 1641 2160; x_wconf 90' lang='lat' dir='ltr'>neque</span> <span class='ocrx_word' id='word_1_107' title='bbox 1662 2091 1777 2161; x_wconf 90' lang='lat' dir='ltr'>eosqui</span> <span class='ocrx_word' id='word_1_108' title='bbox 1795 2093 1960 2164; x_wconf 68' lang='lat' dir='ltr'><strong>placuerint</strong></span> 
     </span>
     <span class='ocr_line' id='line_1_14' title="bbox 507 2174 2005 2252; baseline 0.003 -22"><span class='ocrx_word' id='word_1_109' title='bbox 507 2193 626 2247; x_wconf 69' lang='lat' dir='ltr'>greum</span> <span class='ocrx_word' id='word_1_110' title='bbox 648 2174 717 2232; x_wconf 89' lang='lat' dir='ltr'>iusti</span> <span class='ocrx_word' id='word_1_111' title='bbox 740 2181 783 2232; x_wconf 86' lang='lat' dir='ltr'>est</span> <span class='ocrx_word' id='word_1_112' title='bbox 804 2195 895 2246; x_wconf 89' lang='lat' dir='ltr'>neque</span> <span class='ocrx_word' id='word_1_113' title='bbox 916 2176 981 2232; x_wconf 91' lang='lat' dir='ltr'>illos</span> <span class='ocrx_word' id='word_1_114' title='bbox 1004 2177 1052 2248; x_wconf 89' lang='lat' dir='ltr'>qui</span> <span class='ocrx_word' id='word_1_115' title='bbox 1075 2176 1275 2248; x_wconf 88' lang='lat' dir='ltr'>displicuerint</span> <span class='ocrx_word' id='word_1_116' title='bbox 1294 2182 1389 2235; x_wconf 89' lang='lat' dir='ltr'>tenere</span> <span class='ocrx_word' id='word_1_117' title='bbox 1411 2178 1564 2249; x_wconf 90' lang='lat' dir='ltr'>prudentis.</span> <span class='ocrx_word' id='word_1_118' title='bbox 1604 2179 1717 2251; x_wconf 79' lang='lat' dir='ltr'>Integre</span> <span class='ocrx_word' id='word_1_119' title='bbox 1739 2179 1829 2250; x_wconf 92' lang='lat' dir='ltr'>igitur</span> <span class='ocrx_word' id='word_1_120' title='bbox 1846 2179 1956 2252; x_wconf 76' lang='lat' dir='ltr'>singuli</span> <span class='ocrx_word' id='word_1_121' title='bbox 1994 2188 2005 2227; x_wconf 76' lang='lat'><strong>⁵</strong></span> 
     </span>
     <span class='ocr_line' id='line_1_15' title="bbox 510 2262 1958 2337; baseline 0.003 -18"><span class='ocrx_word' id='word_1_122' title='bbox 510 2262 702 2319; x_wconf 85' lang='lat' dir='ltr'>anniversario</span> <span class='ocrx_word' id='word_1_123' title='bbox 719 2280 792 2318; x_wconf 90' lang='lat' dir='ltr'>anno</span> <span class='ocrx_word' id='word_1_124' title='bbox 809 2267 968 2319; x_wconf 68' lang='lat' dir='ltr'>transenna</span> <span class='ocrx_word' id='word_1_125' title='bbox 989 2267 1126 2336; x_wconf 91' lang='lat' dir='ltr'>cogantur</span> <span class='ocrx_word' id='word_1_126' title='bbox 1147 2281 1296 2335; x_wconf 85' lang='lat' dir='ltr'>exponere,</span> <span class='ocrx_word' id='word_1_127' title='bbox 1320 2264 1422 2335; x_wconf 88' lang='lat' dir='ltr'>quibus</span> <span class='ocrx_word' id='word_1_128' title='bbox 1445 2264 1538 2321; x_wconf 91' lang='lat' dir='ltr'>titulis</span> <span class='ocrx_word' id='word_1_129' title='bbox 1560 2270 1692 2336; x_wconf 91' lang='lat' dir='ltr'>suscepta</span> <span class='ocrx_word' id='word_1_130' title='bbox 1710 2265 1903 2337; x_wconf 89' lang='lat' dir='ltr'>disperserint,</span> <span class='ocrx_word' id='word_1_131' title='bbox 1923 2272 1958 2323; x_wconf 93' lang='lat' dir='ltr'>ut</span> 
     </span>
     <span class='ocr_line' id='line_1_16' title="bbox 510 2346 1958 2424; baseline 0.005 -23"><span class='ocrx_word' id='word_1_132' title='bbox 510 2346 630 2414; x_wconf 84' lang='lat' dir='ltr'>facilius,</span> <span class='ocrx_word' id='word_1_133' title='bbox 649 2349 672 2404; x_wconf 90' lang='lat' dir='ltr'>si</span> <span class='ocrx_word' id='word_1_134' title='bbox 690 2348 754 2419; x_wconf 89' lang='lat' dir='ltr'>quis</span> <span class='ocrx_word' id='word_1_135' title='bbox 771 2348 801 2404; x_wconf 91' lang='lat' dir='ltr'>in</span> <span class='ocrx_word' id='word_1_136' title='bbox 819 2351 894 2406; x_wconf 81' lang='lat' dir='ltr'>furto</span> <span class='ocrx_word' id='word_1_137' title='bbox 911 2351 997 2407; x_wconf 82' lang='lat' dir='ltr'>fuerit</span> <span class='ocrx_word' id='word_1_138' title='bbox 1015 2352 1214 2422; x_wconf 87' lang='lat' dir='ltr'>deprehensus,</span> <span class='ocrx_word' id='word_1_139' title='bbox 1237 2356 1377 2408; x_wconf 72' lang='lat' dir='ltr'>recentem</span> <span class='ocrx_word' id='word_1_140' title='bbox 1394 2355 1480 2421; x_wconf 88' lang='lat' dir='ltr'>queat</span> <span class='ocrx_word' id='word_1_141' title='bbox 1501 2349 1691 2424; x_wconf 88' lang='lat' dir='ltr'>redintegrare</span> <span class='ocrx_word' id='word_1_142' title='bbox 1708 2352 1856 2410; x_wconf 86' lang='lat' dir='ltr'>iacturam.</span> <span class='ocrx_word' id='word_1_143' title='bbox 1893 2371 1958 2409; x_wconf 73' lang='lat' dir='ltr'>nur,</span> 
     </span>
     <span class='ocr_line' id='line_1_17' title="bbox 509 2438 1453 2507; baseline 0.006 -19"><span class='ocrx_word' id='word_1_144' title='bbox 509 2451 550 2489; x_wconf 87' lang='lat' dir='ltr'>xv</span> <span class='ocrx_word' id='word_1_145' title='bbox 565 2451 630 2490; x_wconf 77' lang='lat' dir='ltr'>nn</span> <span class='ocrx_word' id='word_1_146' title='bbox 648 2453 703 2491; x_wconf 86' lang='lat' dir='ltr'>eor.</span> <span class='ocrx_word' id='word_1_147' title='bbox 721 2453 862 2492; x_wconf 76' lang='lat' dir='ltr'>mmm</span> <span class='ocrx_word' id='word_1_148' title='bbox 878 2438 1037 2507; x_wconf 78' lang='lat' dir='ltr'>es(sr1)s1so</span> <span class='ocrx_word' id='word_1_149' title='bbox 1054 2444 1081 2494; x_wconf 69' lang='lat' dir='ltr'>fs.</span> <span class='ocrx_word' id='word_1_150' title='bbox 1099 2445 1125 2493; x_wconf 76' lang='grc' dir='ltr'>ῖ».</span> <span class='ocrx_word' id='word_1_151' title='bbox 1142 2455 1175 2494; x_wconf 85' lang='lat' dir='ltr'>nr</span> <span class='ocrx_word' id='word_1_152' title='bbox 1192 2455 1348 2494; x_wconf 71' lang='lat' dir='ltr'>nsemmro</span> <span class='ocrx_word' id='word_1_153' title='bbox 1364 2454 1453 2494; x_wconf 82' lang='lat' dir='ltr'>consa</span> 
     </span>
    </p>
   </div>
   <div class='ocr_carea' id='block_1_9' title="bbox 602 2612 931 2680">
    <p class='ocr_par' dir='ltr' id='par_1_9' title="bbox 602 2612 931 2680">
     <span class='ocr_line' id='line_1_18' title="bbox 602 2612 931 2680; baseline 0.012 -16"><span class='ocrx_word' id='word_1_154' title='bbox 602 2612 931 2680; x_wconf 72' lang='lat' dir='ltr'>u-wmmmc</span> 
     </span>
    </p>
   </div>
   <div class='ocr_carea' id='block_1_10' title="bbox 510 2730 1594 2872">
    <p class='ocr_par' dir='ltr' id='par_1_10' title="bbox 510 2730 1594 2872">
     <span class='ocr_line' id='line_1_19' title="bbox 510 2730 1594 2806; baseline 0.003 -22"><span class='ocrx_word' id='word_1_155' title='bbox 510 2730 554 2797; x_wconf 66' lang='lat'>213</span> <span class='ocrx_word' id='word_1_156' title='bbox 579 2732 753 2802; x_wconf 84' lang='lat' dir='ltr'>allegationis]</span> <span class='ocrx_word' id='word_1_157' title='bbox 779 2736 922 2788; x_wconf 68' lang='lat' dir='ltr'>allectionis</span> <span class='ocrx_word' id='word_1_158' title='bbox 948 2735 1123 2803; x_wconf 74' lang='lat' dir='ltr'>Gotdofredas</span> <span class='ocrx_word' id='word_1_159' title='bbox 1260 2735 1354 2806; x_wconf 74' lang='lat' dir='ltr'>(nel)</span> <span class='ocrx_word' id='word_1_160' title='bbox 1424 2735 1555 2802; x_wconf 80' lang='lat' dir='ltr'>&#39;lqnaeat</span> <span class='ocrx_word' id='word_1_161' title='bbox 1569 2735 1594 2787; x_wconf 93' lang='lat' dir='ltr'><strong><em>V</em></strong></span> 
     </span>
     <span class='ocr_line' id='line_1_20' title="bbox 512 2798 1208 2872; baseline 0.006 -18"><span class='ocrx_word' id='word_1_162' title='bbox 512 2799 530 2854; x_wconf 83' lang='lat'><strong>3</strong></span> <span class='ocrx_word' id='word_1_163' title='bbox 548 2798 626 2871; x_wconf 85' lang='lat' dir='ltr'>idern]</span> <span class='ocrx_word' id='word_1_164' title='bbox 645 2804 719 2870; x_wconf 75' lang='lat' dir='ltr'>Iact,</span> <span class='ocrx_word' id='word_1_165' title='bbox 737 2805 763 2856; x_wconf 91' lang='lat' dir='ltr'>id</span> <span class='ocrx_word' id='word_1_166' title='bbox 780 2804 805 2854; x_wconf 87' lang='lat' dir='ltr'><strong><em>V</em></strong></span> <span class='ocrx_word' id='word_1_167' title='bbox 900 2805 918 2858; x_wconf 83' lang='lat'><strong>5</strong></span> <span class='ocrx_word' id='word_1_168' title='bbox 934 2801 1008 2872; x_wconf 85' lang='lat' dir='ltr'>iusti]</span> <span class='ocrx_word' id='word_1_169' title='bbox 1027 2807 1126 2858; x_wconf 86' lang='lat' dir='ltr'>iustitia</span> <span class='ocrx_word' id='word_1_170' title='bbox 1143 2806 1208 2858; x_wconf 80' lang='lat' dir='ltr'>Iart.</span> 
     </span>
    </p>
   </div>
   <div class='ocr_carea' id='block_1_11' title="bbox 355 3004 729 3079">
    <p class='ocr_par' dir='ltr' id='par_1_11' title="bbox 355 3004 729 3079">
     <span class='ocr_line' id='line_1_21' title="bbox 355 3004 729 3079; baseline 0.013 -19"><span class='ocrx_word' id='word_1_171' title='bbox 355 3004 729 3079; x_wconf 58' lang='lat' dir='ltr'>xmmfflmm</span> 
     </span>
    </p>
   </div>
   <div class='ocr_carea' id='block_1_12' title="bbox 509 3111 2005 4138">
    <p class='ocr_par' dir='ltr' id='par_1_12' title="bbox 509 3111 2005 4138">
     <span class='ocr_line' id='line_1_22' title="bbox 598 3111 1958 3186; baseline 0.006 -20"><span class='ocrx_word' id='word_1_172' title='bbox 598 3129 665 3167; x_wconf 85' lang='lat' dir='ltr'>mass</span> <span class='ocrx_word' id='word_1_173' title='bbox 681 3132 729 3169; x_wconf 69' lang='lat' dir='ltr'>sn</span> <span class='ocrx_word' id='word_1_174' title='bbox 747 3131 786 3168; x_wconf 83' lang='lat' dir='ltr'>sn</span> <span class='ocrx_word' id='word_1_175' title='bbox 802 3130 927 3169; x_wconf 74' lang='lat' dir='ltr'>amris</span> <span class='ocrx_word' id='word_1_176' title='bbox 944 3113 1143 3183; x_wconf 55' lang='lat' dir='ltr'>mummius)</span> <span class='ocrx_word' id='word_1_177' title='bbox 1160 3114 1341 3183; x_wconf 49' lang='lat' dir='ltr'>nonnemo.</span> <span class='ocrx_word' id='word_1_178' title='bbox 1371 3112 1460 3168; x_wconf 81' lang='lat' dir='ltr'>Nulla</span> <span class='ocrx_word' id='word_1_179' title='bbox 1471 3111 1556 3169; x_wconf 92' lang='lat' dir='ltr'>debet</span> <span class='ocrx_word' id='word_1_180' title='bbox 1567 3130 1626 3169; x_wconf 88' lang='lat' dir='ltr'>esse</span> <span class='ocrx_word' id='word_1_181' title='bbox 1638 3114 1772 3181; x_wconf 90' lang='lat' dir='ltr'>causatio,</span> <span class='ocrx_word' id='word_1_182' title='bbox 1789 3116 1860 3186; x_wconf 90' lang='lat' dir='ltr'>quin</span> <span class='ocrx_word' id='word_1_183' title='bbox 1871 3117 1958 3174; x_wconf 91' lang='lat' dir='ltr'>solidi</span> 
     </span>
     <span class='ocr_line' id='line_1_23' title="bbox 510 3199 1958 3274; baseline 0.003 -22"><span class='ocrx_word' id='word_1_184' title='bbox 510 3215 544 3252; x_wconf 87' lang='lat' dir='ltr'>ex</span> <span class='ocrx_word' id='word_1_185' title='bbox 562 3216 736 3271; x_wconf 90' lang='lat' dir='ltr'>quocumque</span> <span class='ocrx_word' id='word_1_186' title='bbox 754 3201 839 3257; x_wconf 93' lang='lat' dir='ltr'>titulo</span> <span class='ocrx_word' id='word_1_187' title='bbox 857 3201 1030 3274; x_wconf 87' lang='lat' dir='ltr'>congregati,</span> <span class='ocrx_word' id='word_1_188' title='bbox 1049 3201 1123 3257; x_wconf 87' lang='lat' dir='ltr'>sicut</span> <span class='ocrx_word' id='word_1_189' title='bbox 1141 3201 1198 3257; x_wconf 91' lang='lat' dir='ltr'>iam</span> <span class='ocrx_word' id='word_1_190' title='bbox 1215 3201 1324 3272; x_wconf 82' lang='lat' dir='ltr'>pridem</span> <span class='ocrx_word' id='word_1_191' title='bbox 1342 3199 1544 3271; x_wconf 82' lang='lat' dir='ltr'>praecepimus,</span> <span class='ocrx_word' id='word_1_192' title='bbox 1556 3199 1586 3255; x_wconf 92' lang='lat' dir='ltr'>in</span> <span class='ocrx_word' id='word_1_193' title='bbox 1597 3218 1717 3256; x_wconf 86' lang='lat' dir='ltr'>massam</span> <span class='ocrx_word' id='word_1_194' title='bbox 1729 3203 1848 3273; x_wconf 82' lang='lat' dir='ltr'>obryrae</span> <span class='ocrx_word' id='word_1_195' title='bbox 1861 3207 1958 3262; x_wconf 87' lang='lat' dir='ltr'>solidi.</span> 
     </span>
     <span class='ocr_line' id='line_1_24' title="bbox 510 3285 1954 3359; baseline 0.007 -20"><span class='ocrx_word' id='word_1_196' title='bbox 510 3287 655 3354; x_wconf 85' lang='lat' dir='ltr'>tatemque</span> <span class='ocrx_word' id='word_1_197' title='bbox 678 3286 908 3359; x_wconf 75' lang='lat' dir='ltr'>redintegrentur.</span> <span class='ocrx_word' id='word_1_198' title='bbox 948 3287 985 3344; x_wconf 87' lang='lat' dir='ltr'>Et</span> <span class='ocrx_word' id='word_1_199' title='bbox 1005 3286 1048 3343; x_wconf 92' lang='lat' dir='ltr'>ita</span> <span class='ocrx_word' id='word_1_200' title='bbox 1070 3288 1120 3343; x_wconf 85' lang='lat' dir='ltr'>fiat</span> <span class='ocrx_word' id='word_1_201' title='bbox 1142 3287 1231 3344; x_wconf 90' lang='lat' dir='ltr'>omnis</span> <span class='ocrx_word' id='word_1_202' title='bbox 1253 3286 1367 3352; x_wconf 87' lang='lat' dir='ltr'>inlatio,</span> <span class='ocrx_word' id='word_1_203' title='bbox 1389 3290 1422 3342; x_wconf 91' lang='lat' dir='ltr'>ut</span> <span class='ocrx_word' id='word_1_204' title='bbox 1442 3285 1667 3358; x_wconf 84' lang='lat' dir='ltr'>largitionalium</span> <span class='ocrx_word' id='word_1_205' title='bbox 1689 3291 1718 3344; x_wconf 91' lang='lat' dir='ltr'>et</span> <span class='ocrx_word' id='word_1_206' title='bbox 1740 3296 1954 3359; x_wconf 74' lang='lat' dir='ltr'>prosecutorum</span> 
     </span>
     <span class='ocr_line' id='line_1_25' title="bbox 510 3371 1954 3449; baseline 0.006 -22"><span class='ocrx_word' id='word_1_207' title='bbox 510 3371 730 3442; x_wconf 82' lang='lat' dir='ltr'>allectorumque</span> <span class='ocrx_word' id='word_1_208' title='bbox 747 3373 893 3429; x_wconf 84' lang='lat' dir='ltr'>fraudibus</span> <span class='ocrx_word' id='word_1_209' title='bbox 903 3373 998 3430; x_wconf 85' lang='lat' dir='ltr'>aditus</span> <span class='ocrx_word' id='word_1_210' title='bbox 1010 3376 1178 3431; x_wconf 88' lang='lat' dir='ltr'>obstruatur.</span> <span class='ocrx_word' id='word_1_211' title='bbox 1214 3374 1309 3430; x_wconf 87' lang='lat' dir='ltr'>Facile</span> <span class='ocrx_word' id='word_1_212' title='bbox 1321 3372 1425 3430; x_wconf 85' lang='lat' dir='ltr'>etenim</span> <span class='ocrx_word' id='word_1_213' title='bbox 1437 3390 1484 3429; x_wconf 92' lang='lat' dir='ltr'>eos</span> <span class='ocrx_word' id='word_1_214' title='bbox 1496 3372 1658 3443; x_wconf 84' lang='lat' dir='ltr'>provinciae</span> <span class='ocrx_word' id='word_1_215' title='bbox 1670 3380 1762 3431; x_wconf 91' lang='lat' dir='ltr'>rector</span> <span class='ocrx_word' id='word_1_216' title='bbox 1773 3394 1791 3431; x_wconf 91' lang='lat' dir='ltr'>a</span> <span class='ocrx_word' id='word_1_217' title='bbox 1803 3376 1954 3449; x_wconf 88' lang='lat' dir='ltr'>dispendio</span> 
     </span>
     <span class='ocr_line' id='line_1_26' title="bbox 511 3457 2004 3536; baseline 0.007 -24"><span class='ocrx_word' id='word_1_218' title='bbox 511 3457 680 3524; x_wconf 76' lang='lat' dir='ltr'>vindicabit,</span> <span class='ocrx_word' id='word_1_219' title='bbox 702 3458 751 3528; x_wconf 91' lang='lat' dir='ltr'>qui</span> <span class='ocrx_word' id='word_1_220' title='bbox 772 3459 847 3515; x_wconf 88' lang='lat' dir='ltr'>binis</span> <span class='ocrx_word' id='word_1_221' title='bbox 864 3460 961 3516; x_wconf 89' lang='lat' dir='ltr'>solidis</span> <span class='ocrx_word' id='word_1_222' title='bbox 985 3480 1034 3517; x_wconf 89' lang='lat' dir='ltr'>seu</span> <span class='ocrx_word' id='word_1_223' title='bbox 1059 3461 1146 3517; x_wconf 87' lang='lat' dir='ltr'>ternis</span> <span class='ocrx_word' id='word_1_224' title='bbox 1166 3460 1364 3518; x_wconf 88' lang='lat' dir='ltr'>necessitatem</span> <span class='ocrx_word' id='word_1_225' title='bbox 1388 3458 1537 3515; x_wconf 89' lang='lat' dir='ltr'>solutionis</span> <span class='ocrx_word' id='word_1_226' title='bbox 1558 3459 1728 3531; x_wconf 88' lang='lat' dir='ltr'>implebunt,</span> <span class='ocrx_word' id='word_1_227' title='bbox 1750 3461 1783 3528; x_wconf 87' lang='lat' dir='ltr'>si,</span> <span class='ocrx_word' id='word_1_228' title='bbox 1801 3468 1954 3536; x_wconf 86' lang='lat' dir='ltr'>postquam</span> <span class='ocrx_word' id='word_1_229' title='bbox 1992 3465 2004 3505; x_wconf 82' lang='lat'><strong>⁵</strong></span> 
     </span>
     <span class='ocr_line' id='line_1_27' title="bbox 510 3542 1955 3619; baseline 0.008 -21"><span class='ocrx_word' id='word_1_230' title='bbox 510 3542 615 3599; x_wconf 82' lang='lat' dir='ltr'>viritim</span> <span class='ocrx_word' id='word_1_231' title='bbox 638 3543 858 3616; x_wconf 72' lang='lat' dir='ltr'>nominatimque</span> <span class='ocrx_word' id='word_1_232' title='bbox 882 3548 1055 3619; x_wconf 86' lang='lat' dir='ltr'>susceperint</span> <span class='ocrx_word' id='word_1_233' title='bbox 1076 3547 1179 3603; x_wconf 89' lang='lat' dir='ltr'>solidos</span> <span class='ocrx_word' id='word_1_234' title='bbox 1202 3547 1385 3619; x_wconf 89' lang='lat' dir='ltr'>plurimorum</span> <span class='ocrx_word' id='word_1_235' title='bbox 1407 3564 1455 3610; x_wconf 83' lang='lat' dir='ltr'>ea,</span> <span class='ocrx_word' id='word_1_236' title='bbox 1472 3564 1557 3616; x_wconf 91' lang='lat' dir='ltr'>quam</span> <span class='ocrx_word' id='word_1_237' title='bbox 1578 3546 1706 3618; x_wconf 88' lang='lat' dir='ltr'>superins</span> <span class='ocrx_word' id='word_1_238' title='bbox 1729 3552 1955 3619; x_wconf 76' lang='lat' dir='ltr'>memoravimus,</span> 
     </span>
     <span class='ocr_line' id='line_1_28' title="bbox 509 3630 1955 3706; baseline 0.006 -20"><span class='ocrx_word' id='word_1_239' title='bbox 509 3630 650 3701; x_wconf 76' lang='lat' dir='ltr'>qualitate</span> <span class='ocrx_word' id='word_1_240' title='bbox 672 3633 819 3703; x_wconf 89' lang='lat' dir='ltr'>poscenda,</span> <span class='ocrx_word' id='word_1_241' title='bbox 841 3634 964 3690; x_wconf 89' lang='lat' dir='ltr'>omnium</span> <span class='ocrx_word' id='word_1_242' title='bbox 982 3634 1109 3691; x_wconf 91' lang='lat' dir='ltr'>debitum</span> <span class='ocrx_word' id='word_1_243' title='bbox 1128 3634 1263 3691; x_wconf 86' lang='lat' dir='ltr'>confletur</span> <span class='ocrx_word' id='word_1_244' title='bbox 1284 3634 1314 3688; x_wconf 93' lang='lat' dir='ltr'>in</span> <span class='ocrx_word' id='word_1_245' title='bbox 1337 3651 1464 3689; x_wconf 86' lang='lat' dir='ltr'>massam.</span> <span class='ocrx_word' id='word_1_246' title='bbox 1500 3633 1572 3690; x_wconf 85' lang='lat' dir='ltr'>Sane</span> <span class='ocrx_word' id='word_1_247' title='bbox 1596 3633 1620 3688; x_wconf 90' lang='lat' dir='ltr'>si</span> <span class='ocrx_word' id='word_1_248' title='bbox 1642 3633 1717 3690; x_wconf 92' lang='lat' dir='ltr'>idem</span> <span class='ocrx_word' id='word_1_249' title='bbox 1738 3634 1955 3706; x_wconf 86' lang='lat' dir='ltr'>suscipientium</span> 
     </span>
     <span class='ocr_line' id='line_1_29' title="bbox 510 3717 1954 3791; baseline 0.006 -19"><span class='ocrx_word' id='word_1_250' title='bbox 510 3717 728 3788; x_wconf 88' lang='lat' dir='ltr'>deprehenditur</span> <span class='ocrx_word' id='word_1_251' title='bbox 752 3720 826 3789; x_wconf 91' lang='lat' dir='ltr'>quod</span> <span class='ocrx_word' id='word_1_252' title='bbox 851 3721 943 3775; x_wconf 86' lang='lat' dir='ltr'>fuerat</span> <span class='ocrx_word' id='word_1_253' title='bbox 969 3725 1037 3776; x_wconf 90' lang='lat' dir='ltr'>ante</span> <span class='ocrx_word' id='word_1_254' title='bbox 1063 3720 1221 3786; x_wconf 80' lang='lat' dir='ltr'>festidium,</span> <span class='ocrx_word' id='word_1_255' title='bbox 1245 3740 1307 3775; x_wconf 90' lang='lat' dir='ltr'>cum</span> <span class='ocrx_word' id='word_1_256' title='bbox 1333 3722 1450 3790; x_wconf 85' lang='lat' dir='ltr'>obryzae</span> <span class='ocrx_word' id='word_1_257' title='bbox 1472 3719 1603 3776; x_wconf 88' lang='lat' dir='ltr'>materies</span> <span class='ocrx_word' id='word_1_258' title='bbox 1624 3720 1779 3782; x_wconf 84' lang='lat' dir='ltr'>adferatur,</span> <span class='ocrx_word' id='word_1_259' title='bbox 1803 3740 1875 3791; x_wconf 89' lang='lat' dir='ltr'>quae</span> <span class='ocrx_word' id='word_1_260' title='bbox 1898 3744 1954 3781; x_wconf 93' lang='lat' dir='ltr'>non</span> 
     </span>
     <span class='ocr_line' id='line_1_30' title="bbox 510 3805 1955 3877; baseline 0.006 -18"><span class='ocrx_word' id='word_1_261' title='bbox 510 3808 605 3875; x_wconf 89' lang='lat' dir='ltr'>potest</span> <span class='ocrx_word' id='word_1_262' title='bbox 623 3805 783 3875; x_wconf 88' lang='lat' dir='ltr'>displicere,</span> <span class='ocrx_word' id='word_1_263' title='bbox 808 3808 858 3862; x_wconf 89' lang='lat' dir='ltr'>sub</span> <span class='ocrx_word' id='word_1_264' title='bbox 877 3825 999 3877; x_wconf 87' lang='lat' dir='ltr'>congrua</span> <span class='ocrx_word' id='word_1_265' title='bbox 1017 3806 1256 3863; x_wconf 86' lang='lat' dir='ltr'>animadversione</span> <span class='ocrx_word' id='word_1_266' title='bbox 1281 3807 1444 3877; x_wconf 89' lang='lat' dir='ltr'>plectendus</span> <span class='ocrx_word' id='word_1_267' title='bbox 1463 3810 1517 3871; x_wconf 91' lang='lat' dir='ltr'>est,</span> <span class='ocrx_word' id='word_1_268' title='bbox 1535 3806 1584 3875; x_wconf 89' lang='lat' dir='ltr'>qui</span> <span class='ocrx_word' id='word_1_269' title='bbox 1606 3806 1636 3861; x_wconf 92' lang='lat' dir='ltr'>id</span> <span class='ocrx_word' id='word_1_270' title='bbox 1659 3807 1847 3864; x_wconf 85' lang='lat' dir='ltr'>calumniatur</span> <span class='ocrx_word' id='word_1_271' title='bbox 1866 3816 1895 3866; x_wconf 90' lang='lat' dir='ltr'>et</span> <span class='ocrx_word' id='word_1_272' title='bbox 1913 3831 1955 3868; x_wconf 89' lang='lat' dir='ltr'>re-</span> 
     </span>
     <span class='ocr_line' id='line_1_31' title="bbox 511 3892 2005 3964; baseline 0.005 -19"><span class='ocrx_word' id='word_1_273' title='bbox 511 3892 620 3961; x_wconf 89' lang='lat' dir='ltr'>probat,</span> <span class='ocrx_word' id='word_1_274' title='bbox 638 3892 712 3962; x_wconf 91' lang='lat' dir='ltr'>quod</span> <span class='ocrx_word' id='word_1_275' title='bbox 731 3893 767 3947; x_wconf 88' lang='lat' dir='ltr'>ad</span> <span class='ocrx_word' id='word_1_276' title='bbox 785 3893 979 3964; x_wconf 88' lang='lat' dir='ltr'>compendium</span> <span class='ocrx_word' id='word_1_277' title='bbox 997 3893 1135 3964; x_wconf 90' lang='lat' dir='ltr'>simplicis</span> <span class='ocrx_word' id='word_1_278' title='bbox 1153 3894 1355 3949; x_wconf 84' lang='lat' dir='ltr'>satisfactionis</span> <span class='ocrx_word' id='word_1_279' title='bbox 1368 3893 1512 3948; x_wconf 85' lang='lat' dir='ltr'>inventum</span> <span class='ocrx_word' id='word_1_280' title='bbox 1530 3897 1580 3949; x_wconf 88' lang='lat' dir='ltr'>est.</span> <span class='ocrx_word' id='word_1_281' title='bbox 1616 3893 1697 3948; x_wconf 86' lang='lat' dir='ltr'>Prius</span> <span class='ocrx_word' id='word_1_282' title='bbox 1709 3898 1803 3951; x_wconf 92' lang='lat' dir='ltr'>tamen</span> <span class='ocrx_word' id='word_1_283' title='bbox 1818 3896 1856 3951; x_wconf 90' lang='lat' dir='ltr'>ad</span> <span class='ocrx_word' id='word_1_284' title='bbox 1868 3898 1952 3953; x_wconf 86' lang='lat' dir='ltr'>cemi—</span> <span class='ocrx_word' id='word_1_285' title='bbox 1980 3897 2005 3935; x_wconf 88' lang='lat'>¹⁰</span> 
     </span>
     <span class='ocr_line' id='line_1_32' title="bbox 511 3980 1955 4052; baseline 0.004 -19"><span class='ocrx_word' id='word_1_286' title='bbox 511 3982 603 4033; x_wconf 91' lang='lat' dir='ltr'>tatum</span> <span class='ocrx_word' id='word_1_287' title='bbox 620 3980 840 4035; x_wconf 88' lang='lat' dir='ltr'>mansuetudinis</span> <span class='ocrx_word' id='word_1_288' title='bbox 858 3984 969 4035; x_wconf 88' lang='lat' dir='ltr'>nostrae</span> <span class='ocrx_word' id='word_1_289' title='bbox 987 3998 1078 4035; x_wconf 88' lang='lat' dir='ltr'>massa</span> <span class='ocrx_word' id='word_1_290' title='bbox 1101 3981 1233 4050; x_wconf 82' lang='lat' dir='ltr'>obryzae,</span> <span class='ocrx_word' id='word_1_291' title='bbox 1251 3998 1323 4050; x_wconf 91' lang='lat' dir='ltr'>quae</span> <span class='ocrx_word' id='word_1_292' title='bbox 1341 3980 1425 4035; x_wconf 87' lang='lat' dir='ltr'>fucrit</span> <span class='ocrx_word' id='word_1_293' title='bbox 1443 3980 1603 4050; x_wconf 85' lang='lat' dir='ltr'>repudiata,</span> <span class='ocrx_word' id='word_1_294' title='bbox 1622 3980 1767 4045; x_wconf 85' lang='lat' dir='ltr'>mittatur,</span> <span class='ocrx_word' id='word_1_295' title='bbox 1790 3984 1822 4036; x_wconf 92' lang='lat' dir='ltr'>ut</span> <span class='ocrx_word' id='word_1_296' title='bbox 1840 4001 1897 4052; x_wconf 91' lang='lat' dir='ltr'>qua</span> <span class='ocrx_word' id='word_1_297' title='bbox 1915 3985 1955 4039; x_wconf 91' lang='lat' dir='ltr'>sit</span> 
     </span>
     <span class='ocr_line' id='line_1_33' title="bbox 510 4065 1788 4138; baseline 0.002 -20"><span class='ocrx_word' id='word_1_298' title='bbox 510 4068 602 4121; x_wconf 89' lang='lat' dir='ltr'>mente</span> <span class='ocrx_word' id='word_1_299' title='bbox 620 4065 732 4130; x_wconf 90' lang='lat' dir='ltr'>reiecta,</span> <span class='ocrx_word' id='word_1_300' title='bbox 752 4066 901 4122; x_wconf 84' lang='lat' dir='ltr'>videamus.</span> <span class='ocrx_word' id='word_1_301' title='bbox 937 4085 998 4122; x_wconf 81' lang='lat' dir='ltr'>nsr.</span> <span class='ocrx_word' id='word_1_302' title='bbox 1017 4085 1061 4121; x_wconf 89' lang='lat'>1111</span> <span class='ocrx_word' id='word_1_303' title='bbox 1078 4085 1114 4122; x_wconf 89' lang='lat' dir='ltr'>1n.</span> <span class='ocrx_word' id='word_1_304' title='bbox 1132 4085 1195 4123; x_wconf 83' lang='lat' dir='ltr'>nov.</span> <span class='ocrx_word' id='word_1_305' title='bbox 1214 4069 1374 4138; x_wconf 78' lang='lat' dir='ltr'>ea(sr1)s1so</span> <span class='ocrx_word' id='word_1_306' title='bbox 1393 4070 1419 4121; x_wconf 77' lang='lat' dir='ltr'>is.</span> <span class='ocrx_word' id='word_1_307' title='bbox 1436 4071 1461 4121; x_wconf 74' lang='lat' dir='ltr'>i.</span> <span class='ocrx_word' id='word_1_308' title='bbox 1480 4084 1512 4121; x_wconf 84' lang='lat' dir='ltr'>nr</span> <span class='ocrx_word' id='word_1_309' title='bbox 1530 4084 1684 4122; x_wconf 72' lang='lat' dir='ltr'>nsemsrro</span> <span class='ocrx_word' id='word_1_310' title='bbox 1701 4085 1788 4122; x_wconf 80' lang='lat' dir='ltr'>conss.</span> 
     </span>
    </p>
   </div>
   <div class='ocr_carea' id='block_1_13' title="bbox 603 4241 627 4288">
    <p class='ocr_par' dir='ltr' id='par_1_13' title="bbox 603 4241 627 4288">
     <span class='ocr_line' id='line_1_34' title="bbox 603 4241 627 4288; baseline 0 0"><span class='ocrx_word' id='word_1_311' title='bbox 603 4241 627 4288; x_wconf 94' lang='lat' dir='ltr'><em>V</em></span> 
     </span>
    </p>
   </div>
   <div class='ocr_carea' id='block_1_14' title="bbox 509 4359 1956 4568">
    <p class='ocr_par' dir='ltr' id='par_1_14' title="bbox 509 4359 1956 4568">
     <span class='ocr_line' id='line_1_35' title="bbox 511 4359 1956 4432; baseline 0.004 -21"><span class='ocrx_word' id='word_1_312' title='bbox 511 4360 750 4428; x_wconf 62' lang='lat' dir='ltr'>iprascipimusV</span> <span class='ocrx_word' id='word_1_313' title='bbox 825 4360 1067 4429; x_wconf 86' lang='lat' dir='ltr'>3redintegrantur</span> <span class='ocrx_word' id='word_1_314' title='bbox 1082 4361 1106 4410; x_wconf 86' lang='lat' dir='ltr'><strong><em>V</em></strong></span> <span class='ocrx_word' id='word_1_315' title='bbox 1154 4363 1203 4413; x_wconf 87' lang='lat' dir='ltr'>lar·</span> <span class='ocrx_word' id='word_1_316' title='bbox 1256 4370 1321 4413; x_wconf 80' lang='lat' dir='ltr'>teres</span> <span class='ocrx_word' id='word_1_317' title='bbox 1378 4359 1464 4428; x_wconf 89' lang='lat' dir='ltr'>quam]</span> <span class='ocrx_word' id='word_1_318' title='bbox 1483 4361 1593 4428; x_wconf 85' lang='lat' dir='ltr'>quaeV</span> <span class='ocrx_word' id='word_1_319' title='bbox 1671 4360 1838 4432; x_wconf 73' lang='lat' dir='ltr'>lconfletur]</span> <span class='ocrx_word' id='word_1_320' title='bbox 1852 4366 1956 4431; x_wconf 65' lang='lat' dir='ltr'>scripsi,</span> 
     </span>
     <span class='ocr_line' id='line_1_36' title="bbox 509 4428 1954 4504; baseline 0.003 -22"><span class='ocrx_word' id='word_1_321' title='bbox 509 4428 680 4498; x_wconf 87' lang='lat' dir='ltr'>gitionalium]</span> <span class='ocrx_word' id='word_1_322' title='bbox 701 4431 888 4498; x_wconf 70' lang='lat' dir='ltr'>Goltofredas,</span> <span class='ocrx_word' id='word_1_323' title='bbox 915 4433 1081 4498; x_wconf 84' lang='lat' dir='ltr'>largitionum</span> <span class='ocrx_word' id='word_1_324' title='bbox 1097 4431 1121 4480; x_wconf 91' lang='lat' dir='ltr'><strong><em>V</em></strong></span> <span class='ocrx_word' id='word_1_325' title='bbox 1256 4431 1389 4497; x_wconf 88' lang='lat' dir='ltr'>conpletur</span> <span class='ocrx_word' id='word_1_326' title='bbox 1405 4431 1429 4479; x_wconf 89' lang='lat' dir='ltr'><em>V</em></span> <span class='ocrx_word' id='word_1_327' title='bbox 1527 4430 1750 4483; x_wconf 75' lang='lat' dir='ltr'>dadlueraturV</span> <span class='ocrx_word' id='word_1_328' title='bbox 1858 4434 1954 4504; x_wconf 82' lang='lat' dir='ltr'>9sub]</span> 
     </span>
     <span class='ocr_line' id='line_1_37' title="bbox 509 4499 1542 4568; baseline -0.002 -16"><span class='ocrx_word' id='word_1_329' title='bbox 509 4503 525 4551; x_wconf 88' lang='lat' dir='ltr'>ti</span> <span class='ocrx_word' id='word_1_330' title='bbox 543 4499 713 4568; x_wconf 88' lang='lat' dir='ltr'>susceperint]</span> <span class='ocrx_word' id='word_1_331' title='bbox 735 4518 784 4553; x_wconf 85' lang='lat' dir='ltr'>ser.</span> <span class='ocrx_word' id='word_1_332' title='bbox 806 4501 912 4552; x_wconf 85' lang='lat' dir='ltr'>allectos</span> <span class='ocrx_word' id='word_1_333' title='bbox 933 4502 1092 4567; x_wconf 88' lang='lat' dir='ltr'>susceperint</span> <span class='ocrx_word' id='word_1_334' title='bbox 1112 4502 1202 4551; x_wconf 79' lang='lat' dir='ltr'>simili-</span> <span class='ocrx_word' id='word_1_335' title='bbox 1257 4501 1439 4567; x_wconf 78' lang='lat' dir='ltr'>Gothosredus,</span> <span class='ocrx_word' id='word_1_336' title='bbox 1458 4500 1503 4551; x_wconf 88' lang='lat' dir='ltr'>sad</span> <span class='ocrx_word' id='word_1_337' title='bbox 1520 4500 1542 4550; x_wconf 92' lang='lat' dir='ltr'><strong><em>V</em></strong></span> 
     </span>
    </p>
   </div>
   <div class='ocr_carea' id='block_1_15' title="bbox 354 4704 699 4777">
    <p class='ocr_par' dir='ltr' id='par_1_15' title="bbox 354 4704 699 4777">
     <span class='ocr_line' id='line_1_38' title="bbox 354 4704 699 4777; baseline -0.006 -16"><span class='ocrx_word' id='word_1_338' title='bbox 354 4704 699 4777; x_wconf 62' lang='lat' dir='ltr'>memwma</span> 
     </span>
    </p>
   </div>
   <div class='ocr_carea' id='block_1_16' title="bbox 476 4806 2003 5397">
    <p class='ocr_par' dir='ltr' id='par_1_16' title="bbox 476 4806 2003 5397">
     <span class='ocr_line' id='line_1_39' title="bbox 591 4806 1952 4878; baseline 0 -13"><span class='ocrx_word' id='word_1_339' title='bbox 591 4828 658 4865; x_wconf 85' lang='lat' dir='ltr'>mars</span> <span class='ocrx_word' id='word_1_340' title='bbox 675 4828 722 4865; x_wconf 75' lang='lat' dir='ltr'>ss.</span> <span class='ocrx_word' id='word_1_341' title='bbox 739 4826 778 4863; x_wconf 77' lang='lat' dir='ltr'>nn</span> <span class='ocrx_word' id='word_1_342' title='bbox 796 4824 997 4862; x_wconf 71' lang='lat' dir='ltr'>annumereris</span> <span class='ocrx_word' id='word_1_343' title='bbox 1014 4806 1154 4876; x_wconf 65' lang='lat' dir='ltr'>cellmua)</span> <span class='ocrx_word' id='word_1_344' title='bbox 1171 4808 1339 4878; x_wconf 58' lang='lat' dir='ltr'>succussu)</span> <span class='ocrx_word' id='word_1_345' title='bbox 1356 4811 1569 4877; x_wconf 58' lang='lat' dir='ltr'>summersus).</span> <span class='ocrx_word' id='word_1_346' title='bbox 1600 4807 1853 4878; x_wconf 79' lang='lat' dir='ltr'>Quotienscumque</span> <span class='ocrx_word' id='word_1_347' title='bbox 1867 4810 1952 4866; x_wconf 86' lang='lat' dir='ltr'>solidi</span> 
     </span>
     <span class='ocr_line' id='line_1_40' title="bbox 506 4893 1950 4967; baseline -0.001 -14"><span class='ocrx_word' id='word_1_348' title='bbox 506 4898 542 4953; x_wconf 91' lang='lat' dir='ltr'>ad</span> <span class='ocrx_word' id='word_1_349' title='bbox 560 4896 742 4967; x_wconf 82' lang='lat' dir='ltr'>largitionum</span> <span class='ocrx_word' id='word_1_350' title='bbox 760 4895 886 4950; x_wconf 88' lang='lat' dir='ltr'>subsidia</span> <span class='ocrx_word' id='word_1_351' title='bbox 903 4893 1059 4964; x_wconf 83' lang='lat' dir='ltr'>perferendi</span> <span class='ocrx_word' id='word_1_352' title='bbox 1077 4898 1154 4958; x_wconf 91' lang='lat' dir='ltr'>sunt,</span> <span class='ocrx_word' id='word_1_353' title='bbox 1176 4912 1232 4949; x_wconf 94' lang='lat' dir='ltr'>non</span> <span class='ocrx_word' id='word_1_354' title='bbox 1250 4894 1347 4958; x_wconf 91' lang='lat' dir='ltr'>solidi,</span> <span class='ocrx_word' id='word_1_355' title='bbox 1366 4914 1416 4966; x_wconf 89' lang='lat' dir='ltr'>pro</span> <span class='ocrx_word' id='word_1_356' title='bbox 1434 4895 1536 4964; x_wconf 90' lang='lat' dir='ltr'>quibus</span> <span class='ocrx_word' id='word_1_357' title='bbox 1554 4893 1706 4951; x_wconf 89' lang='lat' dir='ltr'>adulterini</span> <span class='ocrx_word' id='word_1_358' title='bbox 1724 4912 1808 4965; x_wconf 87' lang='lat' dir='ltr'>saepe</span> <span class='ocrx_word' id='word_1_359' title='bbox 1827 4897 1950 4952; x_wconf 89' lang='lat' dir='ltr'>subdun-</span> 
     </span>
     <span class='ocr_line' id='line_1_41' title="bbox 507 4980 1953 5052; baseline 0 -13"><span class='ocrx_word' id='word_1_360' title='bbox 507 4989 560 5048; x_wconf 89' lang='lat' dir='ltr'>tur,</span> <span class='ocrx_word' id='word_1_361' title='bbox 579 4984 627 5039; x_wconf 90' lang='lat' dir='ltr'>sed</span> <span class='ocrx_word' id='word_1_362' title='bbox 645 4986 695 5037; x_wconf 89' lang='lat' dir='ltr'>aut</span> <span class='ocrx_word' id='word_1_363' title='bbox 713 4981 787 5037; x_wconf 90' lang='lat' dir='ltr'>idem</span> <span class='ocrx_word' id='word_1_364' title='bbox 805 4981 835 5035; x_wconf 91' lang='lat' dir='ltr'>in</span> <span class='ocrx_word' id='word_1_365' title='bbox 853 4998 972 5035; x_wconf 89' lang='lat' dir='ltr'>massam</span> <span class='ocrx_word' id='word_1_366' title='bbox 994 4980 1102 5035; x_wconf 87' lang='lat' dir='ltr'>redacti</span> <span class='ocrx_word' id='word_1_367' title='bbox 1124 4985 1187 5046; x_wconf 89' lang='lat' dir='ltr'>aut,</span> <span class='ocrx_word' id='word_1_368' title='bbox 1207 4981 1230 5035; x_wconf 91' lang='lat' dir='ltr'>si</span> <span class='ocrx_word' id='word_1_369' title='bbox 1249 4981 1361 5036; x_wconf 90' lang='lat' dir='ltr'>aliunde</span> <span class='ocrx_word' id='word_1_370' title='bbox 1384 4982 1432 5052; x_wconf 92' lang='lat' dir='ltr'>qui</span> <span class='ocrx_word' id='word_1_371' title='bbox 1455 4982 1541 5037; x_wconf 88' lang='lat' dir='ltr'>solvit</span> <span class='ocrx_word' id='word_1_372' title='bbox 1559 4986 1653 5052; x_wconf 88' lang='lat' dir='ltr'>potest</span> <span class='ocrx_word' id='word_1_373' title='bbox 1670 4982 1773 5037; x_wconf 86' lang='lat' dir='ltr'>habere</span> <span class='ocrx_word' id='word_1_374' title='bbox 1791 4984 1953 5050; x_wconf 83' lang='lat' dir='ltr'>materiam,</span> 
     </span>
     <span class='ocr_line' id='line_1_42' title="bbox 507 5065 1953 5139; baseline 0.003 -14"><span class='ocrx_word' id='word_1_375' title='bbox 507 5069 568 5125; x_wconf 88' lang='lat' dir='ltr'>auri</span> <span class='ocrx_word' id='word_1_376' title='bbox 586 5069 688 5136; x_wconf 83' lang='lat' dir='ltr'>obryra</span> <span class='ocrx_word' id='word_1_377' title='bbox 706 5067 856 5139; x_wconf 89' lang='lat' dir='ltr'>dirigatur,</span> <span class='ocrx_word' id='word_1_378' title='bbox 879 5085 929 5136; x_wconf 90' lang='lat' dir='ltr'>pro</span> <span class='ocrx_word' id='word_1_379' title='bbox 952 5084 986 5121; x_wconf 91' lang='lat' dir='ltr'>ea</span> <span class='ocrx_word' id='word_1_380' title='bbox 1008 5065 1118 5121; x_wconf 90' lang='lat' dir='ltr'>scilicet</span> <span class='ocrx_word' id='word_1_381' title='bbox 1140 5070 1234 5136; x_wconf 88' lang='lat' dir='ltr'>parte,</span> <span class='ocrx_word' id='word_1_382' title='bbox 1253 5085 1337 5134; x_wconf 89' lang='lat' dir='ltr'>quam</span> <span class='ocrx_word' id='word_1_383' title='bbox 1354 5067 1542 5137; x_wconf 90' lang='lat' dir='ltr'>unusquisque</span> <span class='ocrx_word' id='word_1_384' title='bbox 1561 5066 1708 5138; x_wconf 87' lang='lat' dir='ltr'>dependit,</span> <span class='ocrx_word' id='word_1_385' title='bbox 1727 5087 1761 5124; x_wconf 92' lang='lat' dir='ltr'>ne</span> <span class='ocrx_word' id='word_1_386' title='bbox 1780 5069 1887 5126; x_wconf 88' lang='lat' dir='ltr'>diutius</span> <span class='ocrx_word' id='word_1_387' title='bbox 1905 5075 1953 5129; x_wconf 86' lang='lat' dir='ltr'>vel</span> 
     </span>
     <span class='ocr_line' id='line_1_43' title="bbox 510 5152 2003 5226; baseline 0.001 -15"><span class='ocrx_word' id='word_1_388' title='bbox 510 5155 607 5212; x_wconf 84' lang='lat' dir='ltr'>allecti</span> <span class='ocrx_word' id='word_1_389' title='bbox 630 5154 673 5210; x_wconf 89' lang='lat' dir='ltr'>vel</span> <span class='ocrx_word' id='word_1_390' title='bbox 697 5158 888 5224; x_wconf 87' lang='lat' dir='ltr'>prosecutores</span> <span class='ocrx_word' id='word_1_391' title='bbox 912 5152 956 5208; x_wconf 85' lang='lat' dir='ltr'>vel</span> <span class='ocrx_word' id='word_1_392' title='bbox 979 5152 1175 5224; x_wconf 79' lang='lat' dir='ltr'>largitionales</span> <span class='ocrx_word' id='word_1_393' title='bbox 1199 5153 1371 5209; x_wconf 89' lang='lat' dir='ltr'>adulterinos</span> <span class='ocrx_word' id='word_1_394' title='bbox 1394 5153 1497 5208; x_wconf 88' lang='lat' dir='ltr'>solidos</span> <span class='ocrx_word' id='word_1_395' title='bbox 1519 5155 1694 5225; x_wconf 83' lang='lat' dir='ltr'>subrogando</span> <span class='ocrx_word' id='word_1_396' title='bbox 1716 5154 1746 5208; x_wconf 89' lang='lat' dir='ltr'>in</span> <span class='ocrx_word' id='word_1_397' title='bbox 1764 5158 1954 5226; x_wconf 88' lang='lat' dir='ltr'>conpendium</span> <span class='ocrx_word' id='word_1_398' title='bbox 1991 5172 2003 5209; x_wconf 72' lang='lat'>⁵</span> 
     </span>
     <span class='ocr_line' id='line_1_44' title="bbox 476 5239 1692 5313; baseline 0.005 -20"><span class='ocrx_word' id='word_1_399' title='bbox 476 5240 488 5293; x_wconf 94' lang='lat' dir='ltr'><strong>l</strong></span> <span class='ocrx_word' id='word_1_400' title='bbox 509 5261 589 5296; x_wconf 93' lang='lat' dir='ltr'>suum</span> <span class='ocrx_word' id='word_1_401' title='bbox 607 5241 714 5295; x_wconf 86' lang='lat' dir='ltr'>fiscalia</span> <span class='ocrx_word' id='word_1_402' title='bbox 732 5240 919 5295; x_wconf 88' lang='lat' dir='ltr'>emolumenta</span> <span class='ocrx_word' id='word_1_403' title='bbox 936 5242 1108 5295; x_wconf 87' lang='lat' dir='ltr'>convertant.</span> <span class='ocrx_word' id='word_1_404' title='bbox 1194 5239 1269 5294; x_wconf 92' lang='lat' dir='ltr'>Illud</span> <span class='ocrx_word' id='word_1_405' title='bbox 1287 5239 1373 5295; x_wconf 86' lang='lat' dir='ltr'>etiam</span> <span class='ocrx_word' id='word_1_406' title='bbox 1392 5240 1529 5295; x_wconf 88' lang='lat' dir='ltr'>cautionis</span> <span class='ocrx_word' id='word_1_407' title='bbox 1547 5242 1692 5313; x_wconf 85' lang='lat' dir='ltr'>adicimus,</span> 
     </span>
     <span class='ocr_line' id='line_1_45' title="bbox 508 5324 1914 5397; baseline 0.003 -15"><span class='ocrx_word' id='word_1_408' title='bbox 508 5331 548 5396; x_wconf 93' lang='lat' dir='ltr'>ut,</span> <span class='ocrx_word' id='word_1_409' title='bbox 564 5331 576 5396; x_wconf 85' lang='grc'>11</span> <span class='ocrx_word' id='word_1_410' title='bbox 598 5326 845 5397; x_wconf 88' lang='lat' dir='ltr'>quotienscumque</span> <span class='ocrx_word' id='word_1_411' title='bbox 864 5330 941 5381; x_wconf 89' lang='lat' dir='ltr'>certa</span> <span class='ocrx_word' id='word_1_412' title='bbox 959 5343 1065 5380; x_wconf 89' lang='lat' dir='ltr'>summa</span> <span class='ocrx_word' id='word_1_413' title='bbox 1083 5324 1234 5380; x_wconf 91' lang='lat' dir='ltr'>solidorum</span> <span class='ocrx_word' id='word_1_414' title='bbox 1253 5344 1303 5396; x_wconf 91' lang='lat' dir='ltr'>pro</span> <span class='ocrx_word' id='word_1_415' title='bbox 1322 5326 1401 5381; x_wconf 90' lang='lat' dir='ltr'>tituli</span> <span class='ocrx_word' id='word_1_416' title='bbox 1418 5327 1558 5396; x_wconf 86' lang='lat' dir='ltr'>qualitate</span> <span class='ocrx_word' id='word_1_417' title='bbox 1575 5329 1691 5384; x_wconf 90' lang='lat' dir='ltr'>debetur</span> <span class='ocrx_word' id='word_1_418' title='bbox 1755 5333 1766 5395; x_wconf 82' lang='lat' dir='ltr'>ll</span> <span class='ocrx_word' id='word_1_419' title='bbox 1777 5334 1827 5385; x_wconf 81' lang='lat' dir='ltr'>inc.</span> <span class='ocrx_word' id='word_1_420' title='bbox 1845 5348 1914 5386; x_wconf 83' lang='lat' dir='ltr'>rvsr.</span> 
     </span>
    </p>
   </div>
   <div class='ocr_carea' id='block_1_17' title="bbox 507 5502 1901 5574">
    <p class='ocr_par' dir='ltr' id='par_1_17' title="bbox 507 5502 1901 5574">
     <span class='ocr_line' id='line_1_46' title="bbox 507 5502 1901 5574; baseline -0.001 -15"><span class='ocrx_word' id='word_1_421' title='bbox 507 5505 524 5559; x_wconf 89' lang='grc'>3</span> <span class='ocrx_word' id='word_1_422' title='bbox 541 5514 587 5558; x_wconf 85' lang='lat' dir='ltr'>rut</span> <span class='ocrx_word' id='word_1_423' title='bbox 604 5503 635 5574; x_wconf 89' lang='lat' dir='ltr'>si]</span> <span class='ocrx_word' id='word_1_424' title='bbox 653 5505 754 5570; x_wconf 81' lang='lat' dir='ltr'>scripsi,</span> <span class='ocrx_word' id='word_1_425' title='bbox 770 5506 793 5556; x_wconf 93' lang='lat' dir='ltr'>si</span> <span class='ocrx_word' id='word_1_426' title='bbox 809 5503 833 5553; x_wconf 94' lang='lat' dir='ltr'><strong><em>V</em></strong></span> <span class='ocrx_word' id='word_1_427' title='bbox 881 5505 967 5573; x_wconf 85' lang='lat' dir='ltr'>soluit]</span> <span class='ocrx_word' id='word_1_428' title='bbox 987 5504 1171 5572; x_wconf 77' lang='lat' dir='ltr'>Gothofrcdas,</span> <span class='ocrx_word' id='word_1_429' title='bbox 1188 5504 1256 5555; x_wconf 89' lang='lat' dir='ltr'>solui</span> <span class='ocrx_word' id='word_1_430' title='bbox 1272 5504 1294 5554; x_wconf 92' lang='lat' dir='ltr'><strong><em>V</em></strong></span> <span class='ocrx_word' id='word_1_431' title='bbox 1361 5503 1378 5555; x_wconf 85' lang='lat'>4</span> <span class='ocrx_word' id='word_1_432' title='bbox 1398 5502 1527 5573; x_wconf 87' lang='lat' dir='ltr'>dependit]</span> <span class='ocrx_word' id='word_1_433' title='bbox 1547 5506 1730 5573; x_wconf 73' lang='lat' dir='ltr'>Gottofrcdas,</span> <span class='ocrx_word' id='word_1_434' title='bbox 1747 5505 1860 5558; x_wconf 81' lang='lat' dir='ltr'>defendit</span> <span class='ocrx_word' id='word_1_435' title='bbox 1875 5507 1901 5557; x_wconf 93' lang='lat' dir='ltr'><strong><em>V</em></strong></span> 
     </span>
    </p>
   </div>
   <div class='ocr_carea' id='block_1_18' title="bbox 0 0 2404 6400">
    <p class='ocr_par' dir='ltr' id='par_1_18' title="bbox 0 0 2404 6400">
     <span class='ocr_line' id='line_1_47' title="bbox 0 0 2404 6400; baseline 0 0"><span class='ocrx_word' id='word_1_436' title='bbox 0 0 2404 6400; x_wconf 95' lang='lat' dir='ltr'> </span> 
     </span>
    </p>
   </div>
  </div>
 </body>
</html>
