4800 6400
425 746 472 799 DE
489 745 744 799 uounnoumvs
1120 747 1181 810 411
1614 747 1699 813 VIII
1724 752 1762 814 12
1786 751 1871 815 5-8

424 914 594 971 necessarias
623 913 919 985 coniunctissimasque
946 932 1077 985 personas
1104 914 1235 973 convenit
1262 916 1413 981 custodiri,
1441 917 1465 972 si
1492 917 1604 988 quidem
1632 917 1813 976 clandestinis
1838 936 1872 976 ac

424 1000 586 1058 domesticis
602 1001 747 1058 fraudibus
764 1000 849 1058 facile
866 1000 978 1072 quidvis
996 1020 1047 1072 pro
1064 1000 1172 1074 negotii
1194 1002 1410 1073 opportunitate
1429 1003 1549 1077 confingi
1574 1007 1668 1076 potest
1686 1005 1731 1062 vel
1749 1004 1779 1061 id
1797 1005 1872 1075 quod

427 1104 491 1144 vere
508 1091 620 1159 gestum
638 1091 682 1145 est
699 1087 814 1145 aboleri.
850 1088 920 1144 Cum
937 1086 1026 1159 igitur
1043 1105 1078 1144 ne
1094 1086 1198 1144 liberos
1215 1087 1328 1158 quidem
1351 1106 1386 1144 ac
1408 1094 1540 1160 parentes
1562 1091 1608 1147 lex
1626 1093 1724 1147 nostra
1740 1090 1778 1147 ab
1796 1095 1871 1148 acto·

425 1192 486 1230 rnm
504 1174 677 1232 confectione
694 1177 834 1240 secernat,
860 1173 897 1241 id,
921 1175 996 1245 quod
1017 1174 1172 1232 necessario
1190 1193 1275 1246 super
1291 1176 1490 1233 donationibus
1512 1177 1589 1249 apud
1607 1181 1674 1234 acta
1692 1177 1870 1236 conficiendis

426 1257 483 1315 iam
504 1259 613 1330 pridem
635 1260 799 1325 statuimus,
822 1260 965 1318 universos
991 1263 1096 1326 uuest
1117 1264 1129 1331 ΙΙ
1148 1262 1228 1318 salvo
1250 1266 1346 1319 tamen
1367 1261 1436 1318 iuris
1453 1263 1612 1336 privilegio,
1658 1247 1687 1362 11
1693 1271 1744 1335 fin.
1761 1283 1831 1321 rvsn.

426 1347 502 1418 qnod
518 1345 615 1404 liberis
632 1352 663 1404 et
681 1347 847 1419 parentibus
863 1347 1040 1421 suffragatur,
1058 1347 1169 1406 scilicet
1185 1367 1220 1405 ne
1233 1348 1394 1406 traditionis
1406 1349 1450 1406 vel
1462 1350 1681 1422 mancipatioms
1695 1351 1869 1410 sollemnitas

425 1432 464 1490 sit
480 1433 644 1491 necessaria
679 1450 742 1490 nar.
759 1451 804 1489 rm
820 1451 884 1490 non.
901 1451 961 1491 m.
978 1435 1276 1506 consummemus),
1294 1452 1434 1493 ummo
1451 1452 1484 1492 rr
1500 1453 1630 1494 amomo
1646 1454 1736 1495 cossa

511 1608 545 1662 B.
563 1636 598 1692 .-
615 1609 698 1664 lvsu.
710 1606 736 1673 8,
748 1607 792 1676 53,
803 1605 846 1662 27.

425 1730 444 1784 2
461 1730 668 1799 oportunitateR

264 1930 345 1997 v111,
358 1930 427 1998 lae
443 1931 503 2003 (til
521 1934 587 1992 Dec.
599 1935 651 2004 24).

273 2052 303 2105 q.
313 2034 420 2090 ertu
492 2037 582 2108 lmus.
600 2057 783 2097 conmissus
799 2052 832 2096 m
849 2057 986 2096 cosmus
1004 2059 1051 2097 u.
1069 2057 1270 2097 suorumve.
1315 2041 1513 2100 Avenerabili
1536 2045 1654 2116 parente
1671 2044 1765 2099 nostro
1783 2045 1871 2099 statu·

425 2128 487 2181 tum
504 2129 548 2183 est
564 2125 665 2182 inritas
686 2126 851 2184 donationes
874 2144 946 2192 esse,
971 2145 1044 2196 quae
1068 2130 1195 2183 actorum
1215 2127 1322 2184 indicia
1340 2147 1395 2185 non
1412 2129 1560 2197 haberent,
1584 2146 1636 2186 nec
1654 2127 1766 2201 segniae
1784 2127 1872 2186 etiam

425 2209 591 2268 lenitudinis
608 2214 720 2269 nostrae
738 2230 804 2269 cura
821 2213 954 2270 succedit
991 2231 1051 2270 nir.
1071 2232 1133 2270 vnn
1153 2232 1217 2271 m.
1236 2233 1293 2272 mn.
1312 2233 1483 2274 uacmnmo
1500 2234 1533 2273 su
1550 2233 1668 2274 recenso
1688 2232 1776 2272 conse.

511 2387 538 2439 B

427 2508 442 2562 1
461 2509 602 2578 Calamam]
620 2511 714 2565 scilicet
730 2514 767 2579 pir
836 2509 971 2579 isignins
979 2512 1016 2563 B:
1033 2512 1146 2579 fcrtassc
1162 2528 1213 2564 scr.
1231 2513 1312 2565 setius

264 2681 659 2755 vwfflfflmm

511 2803 579 2842 mu
600 2804 647 2843 u„
669 2804 708 2843 aa
728 2804 848 2842 omns!
869 2788 1066 2856 almum-nvn)
1088 2787 1183 2856 naar).
1225 2785 1295 2842 (lum
1318 2785 1453 2859 genitoris
1477 2785 1534 2843 mei
1556 2784 1635 2842 scitis
1657 2785 1801 2843 evidenter
1824 2804 1871 2843 ex-

427 2891 554 2946 pressum
578 2873 617 2931 sit
633 2874 742 2930 nullam
759 2873 938 2930 donationem
966 2873 1040 2930 inter
1065 2876 1214 2931 extraneos
1239 2874 1348 2930 firmem
1368 2892 1442 2941 esse,
1469 2873 1493 2930 si
1514 2872 1542 2931 ei
1563 2872 1726 2931 traditionis
1743 2872 1873 2931 videatur

425 2962 522 3019 deesse
542 2960 717 3019 sollemnitas
734 2963 764 3018 et
781 2960 856 3017 idem
872 2960 1032 3018 huiusmodi
1049 2960 1246 3018 necessitatem
1257 2959 1354 3018 liberis
1370 2964 1483 3018 tantum
1496 2978 1531 3016 ac
1547 2959 1712 3032 parentibus
1728 2959 1870 3024 relaxarit,

426 3049 458 3105 in
475 3048 603 3105 omnibus
620 3047 753 3120 deinceps
771 3047 916 3105 observari
932 3046 1054 3120 negotiis
1071 3047 1225 3119 oportebit,
1244 3050 1278 3104 ut
1294 3047 1409 3104 donatio
1428 3047 1501 3105 inter
1518 3052 1665 3105 extraneos
1682 3046 1773 3103 minus
1790 3046 1870 3103 firma

426 3134 575 3201 indicetur,
593 3133 618 3190 si
635 3135 696 3191 iure
714 3133 891 3206 mancipatio
908 3138 938 3191 et
956 3133 1072 3194 traditio
1090 3152 1144 3191 non
1162 3133 1249 3192 tuerit
1265 3133 1392 3210 impleta
1427 3150 1489 3193 nan.
1502 3151 1555 3191 vm
1571 3151 1635 3192 aaa.
1652 3151 1712 3191 m
1724 3149 1871 3190 minens

425 3239 460 3278 rr
476 3238 609 3280 wanno
626 3239 715 3277 conss.

513 3395 539 3447 B

428 3516 529 3571 lidem
546 3516 597 3586 aa]
613 3519 753 3585 requiritur
765 3519 825 3586 imp.
838 3521 1003 3572 Constantius
1020 3521 1052 3572 A.
1104 3521 1270 3587 genetorisR
1337 3520 1502 3588 3relaxarit]
1521 3523 1621 3588 scripsi,
1638 3523 1801 3576 relaxsuitB

268 3688 673 3759 ffimfflmm

513 3811 748 3850 manusuetus
768 3812 801 3849 ss
822 3812 989 3851 rnnonos1vs
1016 3813 1063 3851 ss.
1087 3813 1246 3852 immune
1272 3797 1588 3867 r(nssracro)1>(nsano
1618 3798 1654 3866 )ο.
1698 3792 1870 3849 Donationes

428 3880 530 3937 debere
548 3882 643 3938 sortiri
661 3885 827 3953 perpetuam
845 3882 1017 3952 limiensem,
1035 3894 1105 3952 quas
1123 3884 1276 3955 corporalis
1293 3884 1412 3941 traditio
1433 3884 1519 3941 fuerit
1541 3885 1705 3947 subsecuta,
1724 3880 1872 3943 sancimus,

428 3988 463 4025 ne
481 3970 655 4025 ususfructus
673 3969 802 4040 exceptio
821 3987 872 4040 pro
900 3969 1052 4026 traditione
1076 3970 1166 4040 possit
1187 3969 1325 4043 intellegi.
1366 3970 1420 4034 Qui
1443 3970 1518 4027 enim
1540 3974 1605 4041 post
1623 3968 1826 4026 liberalitatem
1843 3983 1872 4021 re

431 4057 537 4113 donata
562 4057 666 4126 perfrui
691 4056 873 4127 concupiscit,
892 4057 945 4112 hoc
963 4055 1018 4112 sibi
1036 4074 1091 4126 quo
1109 4056 1231 4113 voluerit
1249 4058 1338 4124 modo,
1357 4057 1521 4130 consignata
1540 4057 1674 4114 videlicet
1692 4055 1872 4127 possessione,

395 4151 408 4205 l
429 4143 515 4200 debet
532 4142 716 4214 praecipuum
733 4143 880 4208 custodire,
905 4162 939 4200 ne
958 4143 1114 4213 inperfecta
1133 4144 1266 4201 vaccillet
1284 4145 1406 4201 donatio.
1512 4146 1659 4202 Gestorum
1682 4160 1793 4215 quoque
1812 4159 1874 4198 con·
1913 4152 1925 4193 t

426 4228 578 4287 sectionem
601 4229 660 4286 sive
684 4232 750 4285 ante
773 4229 954 4286 traditionem
976 4229 1035 4285 sive
1054 4234 1118 4301 post
1137 4231 1321 4288 traditionem
1337 4232 1397 4289 fieri
1416 4231 1572 4303 oportebit,
1598 4235 1631 4288 nt
1649 4230 1871 4294 instrumentum,

428 4334 484 4386 quo
504 4315 664 4372 continetur
681 4316 879 4383 munificentia,
898 4320 971 4386 aput
989 4321 1055 4372 acta
1073 4317 1246 4387 publicetur,
1270 4318 1300 4372 in
1322 4319 1375 4375 hac
1395 4317 1508 4389 quidem
1529 4318 1598 4374 urbe
1621 4320 1692 4389 aput
1709 4315 1875 4389 magistrum

429 4420 540 4468 census,
562 4402 593 4457 in
616 4401 770 4474 provinciis
792 4419 857 4458 vero
886 4404 957 4473 aput
979 4402 1186 4473 provinciarum
1204 4408 1326 4461 rectores
1344 4405 1397 4470 vel,
1420 4404 1444 4458 si
1468 4408 1580 4475 praesto
1601 4421 1656 4460 non
1674 4402 1785 4468 fuerim,
1804 4405 1875 4472 aput

273 4512 298 4564 q.
309 4495 344 4550 4⁷
363 4489 610 4563 trmgistratus
626 4488 813 4559 municipales
832 4489 875 4545 vel
894 4488 917 4542 si
937 4488 1039 4544 civitas
1061 4506 1095 4545 ea
1114 4490 1159 4546 vel
1177 4490 1334 4560 oppidum,
1360 4490 1389 4545 in
1411 4508 1466 4560 quo
1485 4489 1600 4546 donatio
1618 4490 1784 4555 celebratur,
1800 4491 1805 4556 Ι
1820 4504 1875 4542 non

425 4576 534 4633 habeat
554 4575 749 4647 magistratus,
774 4574 849 4644 apud
871 4575 1043 4632 defensorem
1065 4575 1168 4645 plebis,
1192 4576 1223 4631 in
1241 4576 1371 4647 qualibet
1390 4576 1507 4633 civitate
1526 4576 1612 4633 fuerit
1631 4577 1769 4647 repertus:
1794 4591 1871 4629 cura-
1899 4583 1925 4622 ιθ

427 4666 502 4719 tores
524 4662 599 4720 enim
622 4660 771 4717 civitatum
792 4661 828 4715 ab
852 4659 1043 4717 huiuscemodi
1066 4661 1180 4732 negotio
1203 4665 1361 4734 temperare
1385 4664 1542 4731 debebunt,
1561 4680 1596 4719 ne
1614 4665 1697 4718 tanta
1713 4680 1757 4717 res
1775 4678 1871 4717 eorum

427 4748 559 4806 concidat
578 4746 700 4804 vilitate.
736 4746 790 4802 Sed
805 4745 865 4801 -iam
882 4747 1022 4819 allegatas
1040 4748 1116 4818 apud
1134 4752 1277 4805 curatores
1294 4749 1459 4805 donationes
1480 4754 1510 4806 et
1532 4751 1613 4820 gesta
1632 4747 1759 4804 confecta
1778 4746 1870 4804 valere

428 4853 539 4895 necesse
557 4837 608 4900 est,
626 4834 657 4889 in
674 4836 817 4904 posterum
836 4832 971 4898 omnibus,
990 4852 1062 4903 quae
1081 4837 1191 4891 statuta
1209 4840 1282 4899 sunt,
1302 4834 1491 4901 observandis,
1510 4834 1651 4906 qnoniam,
1669 4832 1693 4887 ei
1706 4831 1774 4903 quid
1787 4833 1873 4889 fuerit

391 4926 410 4980 2
429 4920 663 4995 praetermissum,
682 4919 787 4976 nullius
804 4920 938 4977 momenti
956 4920 1098 4977 videbitur
1114 4939 1174 4977 csse
1192 4921 1315 4977 donatio.
1392 4924 1403 4989 ΙΙ
1416 4922 1502 4978 Gesta
1518 4925 1615 4978 autem
1668 4909 1750 4989 Ῑίἷισ.
1769 4937 1837 4976 iver.

427 5007 526 5065 confici
547 5025 631 5078 snper
651 5007 734 5064 rebus
757 5006 844 5063 etiam
867 5006 937 5062 alibi
960 5006 1114 5062 conlocatis
1137 5006 1306 5078 ubicumque
1330 5007 1463 5074 sufficiet,
1485 5011 1496 5077 ΙΙ
1517 5008 1560 5064 ita
1582 5011 1615 5064 ut
1678 5009 1745 5079 llfin.
1763 5024 1832 5062 Ivsu.
1901 5023 1925 5063 1³

428 5092 547 5150 traditio
566 5094 719 5164 corporalis
737 5093 765 5148 in
783 5093 860 5159 locis,
879 5093 928 5148 nbi
946 5111 990 5149 res
1007 5094 1112 5149 donata
1130 5092 1272 5160 consistit,
1293 5093 1368 5150 omni
1392 5095 1474 5150 modo
1492 5096 1614 5152 celebre-

427 5186 481 5238 tur.
517 5198 579 5235 nsr.
602 5196 621 5233 x
645 5198 709 5235 usn.
727 5198 816 5235 usn.
835 5182 1124 5251 oonsr(ssrmo)r(oa1)
1149 5185 1194 5240 'mr-
1214 5187 1259 5239 ns.
1278 5198 1399 5237 nononis
1416 5199 1436 5236 x
1453 5198 1486 5236 ur
1504 5198 1653 5237 snnonomo
1671 5199 1701 5237 v1
1719 5200 1765 5238 u.
1784 5198 1872 5238 conss.

513 5356 546 5409 s.
563 5382 598 5393 -
615 5358 701 5409 wer.
713 5355 738 5423 8,
747 5354 789 5423 aa,
798 5354 840 5409 27.
861 5384 890 5394 -
911 5360 1009 5411 evae.
1023 5356 1096 5424 aas
1111 5356 1136 5410 5.
1155 5384 1188 5394 -
1206 5356 1447 5409 senonenses
1465 5352 1506 5407 52.
1525 5352 1566 5407 53.

428 5476 525 5531 lente
542 5479 691 5531 donationes
708 5479 786 5531 verbo
803 5496 861 5530 cnm
886 5486 985 5531 constet
1001 5479 1125 5530 similiave
1178 5477 1377 5530 traditionemB
1439 5474 1594 5545 8prestoR
1645 5474 1878 5547 SmegistrstosB

428 5548 709 5603 sancrosancta
778 5548 919 5601 irretitis
927 5548 967 5599 R·
1035 5547 1125 5617 b'poe
1215 5544 1247 5598 15
1264 5548 1361 5599 sufficit
1379 5547 1443 5599 Iust
