4800 6400
455 708 486 760 sl
503 707 583 772 QVIS
599 705 767 758 Pucvruss
783 703 1023 758 CONFLAVERI'I'
1148 705 1211 764 1175
1561 696 1662 763 VHH
1685 700 1726 762 22
1752 699 1854 761 1—23
1878 699 1897 760 2

541 892 763 931 mmrarrarro.
799 878 961 945 Quicumque
979 875 1090 928 solidum
1107 874 1303 937 circumciderit,
1327 875 1475 927 adultarum
1492 873 1657 941 subposuarit
1673 878 1720 924 sut
1736 872 1829 925 falsam
1847 888 1899 925 mo·

455 972 542 1019 ustam
560 966 657 1031 recent,
674 965 759 1032 capite
777 965 905 1031 punietur.

548 1174 601 1226 vr.
622 1200 654 1211 -
673 1167 1161 1240 naeu.(eo[0m.sm.]rsors1ss).
1182 1197 1215 1207 -
1235 1172 1275 1223 cr.
1295 1171 1363 1221 nux
1381 1169 1554 1223 νιιιιισιιι.
1573 1168 1758 1237 (sessurum
1775 1166 1868 1236 aaa

457 1314 470 1366 l
491 1310 646 1381 adulterum]
664 1320 711 1366 aut
728 1311 786 1365 ad
801 1313 860 1365 edd.
931 1311 965 1367 10
983 1313 1105 1380 puniatur
1118 1311 1170 1363 aa}

702 1801 834 1877 XXIII.
862 1803 905 1876 SI
932 1801 1041 1892 QVIS
1066 1799 1300 1876 PECVNIAS
1327 1798 1663 1875 CONFLAVERIT

520 1922 613 1997 VEL
640 1921 887 1999 MERCANDI
914 1921 1073 1997 CAVSA
1098 1922 1471 1998 TRANSTVLERIT
1499 1921 1597 1996 AVT
1624 1919 1828 1995 VETITAS

958 2043 1408 2119 CONTRECTAVERIT.

353 2149 388 2215 ιι,
400 2142 469 2215 ne,1
491 2141 554 2210 (ass
573 2142 642 2213 [sss]
661 2141 743 2197 unt.
756 2143 790 2210 s).

536 2262 873 2301 m.oorsrsrr1vsa.s¹r
885 2263 1015 2301 rvumrvs
1025 2263 1099 2301 cass
1112 2263 1150 2301 sn
1162 2262 1288 2300 amru
1310 2247 1506 2316 risumrorvrs)
1519 2245 1701 2314 maumomlo.
1729 2243 1901 2314 Quicumque

452 2333 497 2390 vel
516 2332 635 2388 conflare
653 2330 787 2402 pecunias
802 2333 846 2388 vel
871 2331 908 2388 ad
927 2331 1037 2387 diversa
1061 2331 1200 2388 vendendi
1223 2349 1309 2388 causa
1333 2333 1483 2390 transferre
1510 2330 1661 2404 detegitur,
1682 2329 1825 2404 sacrilegii
1842 2348 1901 2387 sen·

451 2418 571 2476 tentiam
597 2418 698 2474 subeat
724 2422 754 2475 et
780 2418 875 2491 capiis
901 2418 1052 2490 plectatur.
1099 2418 1200 2475 Portus
1227 2417 1302 2476 euim
1331 2418 1473 2488 IItoraque
1501 2417 1618 2485 diversa,
1637 2435 1693 2489 quo
1714 2415 1825 2474 facilior
1841 2434 1901 2473 esse

451 2504 570 2562 navibus
588 2504 733 2561 cousuevit
750 2522 885 2571 accessus,
903 2508 933 2562 et
951 2505 1059 2563 itineris
1077 2505 1207 2563 tramites
1233 2505 1384 2562 statuimus
1402 2505 1537 2562 custodiri
1558 2524 1609 2577 per
1635 2505 1749 2562 idoneos
1766 2501 1901 2561 officiales
1979 2536 1982 2541 -

452 2609 486 2647 ac
504 2589 679 2662 praepositos
697 2609 715 2646 a
731 2590 908 2662 praesidibus
925 2594 955 2649 et
972 2591 1113 2649 nonnullis
1131 2592 1272 2664 praeditis
1291 2591 1445 2665 dIgnitate,
1470 2595 1503 2648 ut
1522 2591 1637 2665 cognita
1655 2590 1774 2648 veritate
1792 2589 1901 2662 provin·
1940 2601 1952 2640 ι

454 2676 560 2732 ciarum
582 2679 703 2734 rectores
726 2677 858 2734 obnoxios
880 2676 991 2752 legibus
1008 2678 1136 2751 puniant
1171 2677 1272 2735 Officia
1290 2696 1400 2749 quoque
1419 2677 1543 2736 inmenso
1562 2677 1689 2751 periculo
1707 2676 1901 2735 subiacebunt.

420 2764 514 2821 lNec
537 2782 601 2820 vero
624 2763 728 2834 aliquis
750 2765 957 2837 negotiatorum
980 2766 1045 2839 plus
1067 2765 1146 2822 mille
1169 2765 1285 2822 follibus
1312 2764 1449 2836 pecunias
1471 2765 1501 2822 in
1524 2783 1575 2820 usu
1598 2762 1713 2837 publico
1731 2762 1901 2821 constitutus

453 2850 624 2906 animalibus
646 2849 768 2921 propriis
790 2854 952 2922 sumptuum
974 2851 1070 2924 gratia
1091 2855 1205 2924 portare
1228 2851 1352 2909 debebit.
1396 2852 1455 2908 Aut
1472 2852 1497 2908 si
1516 2850 1681 2924 ampliorem
1697 2851 1810 2907 modum
1828 2849 1901 2921 quis·

452 2955 537 3007 quam
554 2937 656 2994 vehere
673 2938 830 3010 detegatur,
848 2939 1001 2995 facultates
1018 2937 1078 2996 eius
1095 2938 1155 2995 fisci
1172 2938 1296 2995 dominio
1314 2936 1492 2996 vindicentur
1510 2941 1540 2996 et
1559 2938 1621 3010 ipse
1641 2937 1790 2995 adficiatur
1806 2935 1900 2994 exilio.

417 3023 526 3078 2Nam
545 3023 678 3093 pecunias
694 3023 814 3080 navibus
833 3031 929 3082 vectas
951 3044 1006 3082 non
1030 3044 1125 3082 omnes
1148 3025 1306 3082 iudicamus
1327 3028 1496 3083 mercatores
1519 3026 1621 3083 debere
1639 3042 1773 3097 promere,
1791 3023 1898 3095 quippe
1927 3034 1952 3073 ιο

453 3110 483 3164 in
505 3129 557 3166 usu
584 3112 695 3166 tantum
720 3110 835 3182 publico
862 3111 997 3182 pecunias
1023 3111 1193 3168 constitutas
1219 3111 1409 3183 permittimus
1433 3110 1551 3169 convehi
1580 3110 1734 3181 itidemque
1757 3128 1804 3166 eas
1827 3110 1901 3166 solas

453 3196 561 3268 species
578 3196 642 3263 emi,
659 3215 732 3267 quae
750 3197 952 3255 mercatoribus
970 3217 1045 3256 more
1063 3199 1191 3258 sollemni
1210 3201 1247 3256 ad
1265 3200 1376 3258 diversa
1392 3203 1548 3272 portantur.
1584 3200 1720 3258 PecunIas
1739 3217 1804 3256 vero
1829 3197 1902 3255 nulli

453 3302 544 3341 emere
562 3283 672 3340 omnino
695 3284 738 3340 fas
759 3284 814 3341 erit
835 3303 887 3341 nec
909 3285 1014 3342 vetitas
1036 3288 1223 3353 contrectare,
1241 3285 1310 3356 quia
1327 3286 1357 3342 in
1378 3305 1430 3343 usu
1452 3285 1568 3359 publico
1584 3285 1755 3344 constitutas
1772 3285 1895 3357 pretium

419 3365 567 3442 3oportet
584 3388 651 3438 esse,
668 3389 723 3427 non
741 3388 868 3428 mercem
956 3372 1055 3429 Placet
1072 3372 1200 3443 denique,
1219 3375 1259 3439 ut,
1278 3372 1302 3429 si
1319 3372 1383 3443 quis
1400 3372 1519 3430 forsitan
1543 3392 1672 3430 nummus
1695 3374 1807 3444 praeter
1824 3389 1897 3436 eum,

453 3457 503 3529 qui
520 3458 549 3513 in
565 3476 618 3513 usu
636 3457 750 3529 publico
768 3462 936 3529 perseverat,
954 3463 1025 3529 aput
1042 3458 1167 3529 aliquem
1183 3451 1366 3517 mercatorem
1377 3458 1463 3516 fuerit
1476 3458 1613 3526 inventus,
1626 3459 1686 3515 fisci
1698 3457 1821 3515 dominio
1834 3476 1898 3514 cum
1928 3470 1952 3511 ιι

454 3543 582 3601 omnibns
601 3544 790 3613 delinquentis
807 3545 993 3602 facultatibus
1020 3545 1185 3603 vindicetur.
1227 3547 1264 3602 Et
1286 3545 1399 3604 siforte
1424 3564 1487 3601 cum
1504 3545 1643 3605 mercibus
1660 3545 1697 3602 ad
1714 3563 1902 3616 quascumque

455 3631 614 3702 provincIas
632 3631 758 3688 venerint
774 3649 867 3697 naves,
887 3635 988 3688 cuncta
1006 3632 1091 3689 solita
1109 3632 1226 3689 licentia
1243 3634 1442 3690 mercabuutur
1460 3636 1574 3706 praeter
1586 3632 1727 3704 pecunias,
1743 3651 1813 3702 quas
1826 3650 1902 3687 more

457 3718 540 3774 solito
566 3716 717 3773 maiorinas
746 3718 790 3773 vel
821 3718 1029 3775 cantenionales
1055 3737 1214 3774 communes
1237 3719 1402 3789 appellant,
1428 3720 1472 3776 vel
1496 3721 1615 3783 ceteras,
1633 3736 1703 3788 quas
1722 3717 1826 3773 vetibas
1844 3734 1903 3773 esse

458 3807 638 3876 cognoscunt.
674 3822 732 3858 acc.
752 3821 804 3857 vm
821 3822 857 3859 m.
876 3822 941 3860 ιωι.
960 3821 1149 3859 corsraurnss
1167 3822 1333 3860 corsrsrmo
1352 3824 1379 3860 s.
1398 3822 1500 3861 rmus
1518 3822 1631 3860 muro
1649 3822 1722 3859 ossa
1740 3820 1828 3859 conss.

547 4033 599 4083 VT
611 4031 683 4101 [finit
700 4032 717 4084 3
736 4030 860 4101 facilior).
880 4063 911 4072 -
932 4034 1112 4086 Summos-ium
1124 4035 1179 4086 cod.
1199 4035 1319 4086 Vaticani
1336 4036 1384 4086 boc
1403 4043 1439 4086 est
1458 4034 1613 4100 descriptam
1625 4033 1759 4100 diiipenoer
1777 4033 1809 4084 ab
1822 4033 1903 4085 Euel-

455 4138 528 4172 serro:
545 4122 670 4187 praecipit
691 4122 756 4171 duas
781 4138 821 4172 res
839 4119 916 4185 (duas
939 4138 980 4171 res
999 4121 1123 4172 librarius
1139 4130 1231 4186 posteo
1248 4121 1351 4187 scripsit
1369 4138 1452 4187 supro
1469 4119 1615 4188 praecipit),
1633 4127 1663 4171 ut
1680 4136 1764 4186 neque
1782 4121 1905 4187 pecunias

455 4208 582 4259 vendendi
600 4212 615 4257 c
632 4209 660 4258 in
677 4207 769 4259 alienis
787 4208 821 4259 ab
840 4208 927 4273 aliquo
945 4208 1089 4259 conflentur
1101 4213 1164 4275 profu
1180 4209 1210 4260 tt
1225 4215 1256 4260 ut
1272 4208 1307 4261 sit
1323 4209 1442 4259 custodia
1459 4209 1580 4259 itinerum
1601 4208 1640 4259 rel
1661 4208 1773 4273 litorum,
1792 4215 1822 4258 ut
1839 4208 1905 4259 nulli

454 4296 547 4347 viatori
568 4294 648 4346 liceat
665 4294 775 4360 amplius
792 4311 808 4345 s
825 4293 894 4344 mille
918 4294 1022 4345 follibus
1039 4301 1140 4361 portare
1158 4311 1242 4361 nequa
1259 4294 1404 4346 centaurios
1422 4311 1541 4347 nummos
1558 4295 1600 4346 vel
1620 4295 1771 4347 msIoriuas:
1796 4294 1865 4360 quod
1883 4294 1905 4346 si

455 4382 500 4447 qui
518 4382 638 4432 inventus
656 4381 749 4444 fucrit,
767 4381 913 4431 confiscatis
931 4381 1009 4432 rebus
1027 4381 1082 4432 sius
1100 4382 1184 4448 capite
1203 4383 1333 4448 puniatur.
1368 4382 1456 4433 Altero
1474 4382 1558 4449 capite
1577 4398 1658 4433 naves
1676 4380 1748 4432 iubet
1772 4397 1818 4447 pro
1836 4397 1905 4432 com-

456 4467 549 4520 mercio
566 4473 666 4517 tantum
685 4473 788 4517 entecas
806 4473 908 4533 portare
926 4468 1048 4533 pecunias
1060 4466 1104 4534 (cs.
1116 4467 1195 4520 scbol.
1209 4468 1246 4519 ad
1263 4472 1286 4531 9,
1297 4471 1341 4528 42,
1356 4472 1383 4518 7:
1408 4465 1529 4534 euthicis]
1548 4469 1657 4534 pecunia
1675 4468 1708 4518 ad
1726 4468 1905 4519 commercium

456 4550 541 4617 data);
560 4554 625 4604 aliae
644 4570 704 4605 vero
726 4569 793 4618 quae
811 4553 871 4619 plus
882 4554 915 4604 ab
932 4555 1028 4605 entecis
1046 4554 1157 4605 habeant
1174 4553 1219 4618 (=
1237 4556 1368 4619 evehant),
1387 4556 1561 4622 proibeantur.
1597 4556 1670 4605 Haec
1693 4554 1736 4605 Iex
1760 4568 1777 4603 a
1798 4554 1906 4619 Papiani

455 4638 602 4707 rsslponsis)
622 4634 699 4703 [noto
715 4636 736 4697 ft
755 4659 787 4681 =
806 4640 961 4704 respuerim
978 4649 1120 4705 usurpatur
1137 4642 1166 4691 irs
1183 4641 1286 4692 scholiis
1304 4637 1359 4709 Iris]
1377 4642 1516 4693 descendit.
1809 4642 1811 4646 ’

457 4778 471 4830 1
490 4777 661 4842 constamius]
680 4780 861 4830 constantinus
880 4778 931 4828 VT
1029 4778 1152 4848 iulianus]
1209 4790 1245 4832 cst
1257 4788 1308 4831 tom
1321 4781 1511 4845 inscriptionem
1523 4797 1600 4846 quum
1618 4778 1826 4845 mbscriptioncm
1837 4778 1906 4829 mmi-

456 4849 532 4899 imme
558 4849 725 4912 constantius,
751 4848 808 4898 vide
831 4849 906 4910 infra
929 4849 966 4899 ad
988 4850 1083 4901 urbem.
1209 4850 1267 4901 liter
1279 4859 1428 4915 comptam
1445 4867 1507 4912 esse,
1523 4859 1551 4900 ut
1569 4852 1668 4917 socrum
1680 4865 1732 4901 esse
1744 4848 1853 4899 uidimus
1871 4847 1907 4899 ad

456 4916 500 4979 213
517 4918 647 4969 sententia
662 4916 686 4964 V
761 4915 775 4966 ‘l
795 4919 897 4984 puplico
918 4917 953 4966 V¹
1034 4918 1067 4970 19
1084 4937 1154 4970 anno
1208 4923 1232 4982 2,
1246 4924 1303 4983 9,1,
1322 4929 1346 4970 et
1363 4920 1536 4971 scribendam.-
1559 4920 1619 4986 imp.
1642 4919 1810 4971 Constamius
1832 4920 1862 4967 Δ.
1881 4924 1908 4969 ct

457 4991 508 5039 366
524 5004 582 5037 mm
600 4994 694 5038 comm
715 4986 830 5036 Taurum
853 4988 987 5038 obtinuisse
1005 4990 1154 5055 praeferas·
1207 4987 1396 5053 (comanam)
1414 4990 1442 5040 Ο.
1454 4990 1487 5040 ad
1499 4990 1622 5040 Rufinum
1644 4991 1695 5055 ᾗῇ
1712 5014 1745 5024 -
1757 4987 1906 5038 Constantio

456 5073 515 5108 ran
523 5056 657 5122 praetorio
667 5072 715 5122 per
726 5056 834 5107 Italiam
846 5065 870 5107 et
882 5056 1012 5123 Africam,
1019 5058 1155 5124 probabile
1208 5061 1239 5110 Α.
1259 5059 1281 5107 V
1303 5066 1329 5109 et
1348 5056 1521 5120 (Constantio)
1540 5059 1567 5109 C.
1586 5074 1669 5109 conss.

353 5333 442 5401 11,ae
463 5332 481 5386 2
543 5332 600 5386 5A
623 5331 709 5385 sla.

443 5375 450 5401 ¹
497 5331 541 5402 (39
552 5349 627 5491 mi.
642 5334 800 5503 cecinere)
814 5453 846 5489 rr
862 5436 1020 5505 seruatus)
1032 5454 1079 5489 ss.
1092 5452 1197 5490 nmmo
1210 5436 1382 5505 rlmmroro)
1395 5435 1577 5504 r(rnsros1)o.
1607 5433 1834 5491 Centenioualem
1845 5439 1906 5491 tan-

454 5527 517 5581 tum
534 5542 677 5580 nummum
695 5523 724 5578 in
752 5522 963 5580 conversatione
981 5522 1098 5594 publica
1115 5521 1233 5580 tractari
1251 5520 1440 5594 praecipimus
1456 5520 1570 5578 maioris
1587 5521 1723 5594 pecuniae
1741 5520 1907 5595 figuratione
