4800 6400
276 707 801 766 sermasmoamvssrrosrs
816 708 937 764 ainau
1067 706 1130 775 639
1555 704 1669 774 xlae
1694 709 1820 776 59-63

274 881 593 952 mwmmm

459 1001 527 1039 mu
549 1002 595 1039 ss.
621 1000 755 1039 memoro
777 1000 905 1038 reamini
927 983 1156 1052 seracusam).
1199 982 1318 1038 Nullum
1339 982 1382 1038 ita
1404 982 1541 1038 credimus
1566 988 1771 1047 contumacem,
1789 987 1822 1039 ut

374 1070 597 1140 appellationem
624 1069 821 1141 interpositam
849 1069 959 1141 legibus
986 1069 1090 1125 audeat
1115 1086 1251 1125 recusare.
1288 1068 1378 1132 Quam
1406 1069 1441 1124 ob
1468 1086 1526 1124 rem
1553 1073 1650 1126 teneat
1678 1067 1821 1140 apparitio

375 1160 497 1212 veterem
519 1155 700 1227 disciplinam
723 1173 775 1212 nec
801 1174 818 1211 a
842 1155 1070 1227 suggestionibus
1091 1155 1255 1211 necessariis
1277 1158 1354 1211 metu
1376 1155 1449 1221 eins,
1477 1155 1523 1211 oui
1545 1157 1582 1212 ad
1599 1160 1712 1226 tempus
1730 1159 1819 1227 paret,

374 1243 543 1298 retrahatur.
579 1243 656 1297 XXX
675 1246 771 1298 autem
788 1241 875 1297 libres
889 1241 962 1296 'auri
985 1241 1093 1298 aerario
1111 1246 1206 1297 nostro
1231 1246 1348 1312 cogetur
1366 1240 1479 1307 inferre,
1497 1241 1548 1311 qui
1565 1242 1704 1298 obiectam
1723 1259 1821 1313 provo·

375 1329 513 1385 ostionem
531 1329 591 1384 iure
609 1328 765 1401 neglexerit
782 1332 812 1384 et
829 1329 927 1385 eadem
946 1328 1082 1393 officium,
1101 1328 1125 1382 si
1144 1328 1333 1384 coniventiam
1352 1330 1478 1399 praestet
1495 1327 1594 1392 iudici,
1613 1345 1705 1399 poena
1721 1327 1821 1383 retine·
1862 1343 1873 1379 a

376 1415 461 1471 bitur.
497 1432 558 1470 nsr.
577 1433 650 1470 snm.
669 1433 705 1470 rn.
723 1433 781 1470 ivs.
800 1433 927 1471 aaronis
944 1433 1085 1470 nnsonoso
1103 1420 1129 1470 i.
1147 1424 1171 1469 t.
1189 1433 1263 1471 cous.

467 1593 490 1643 V

375 1712 506 1765 lfflV
571 1711 797 1766 boonhibentiam
813 1714 838 1765 V
902 1712 1060 1781 dueronae]
1079 1703 1177 1767 nerone
1195 1723 1221 1767 et
1240 1714 1265 1766 V
1313 1714 1435 1768 consaV

275 1915 576 1989 mmmmm

463 2039 530 2078 mins
542 2042 590 2080 ss.
603 2041 761 2080 eourmauo
779 2026 965 2096 rnwtorsvu)
976 2027 1124 2094 armeus).
1160 2025 1229 2081 Cum
1248 2024 1282 2081 de
1300 2025 1541 2097 appellationibus
1558 2026 1727 2098 recipiendis
1738 2044 1824 2082 necne

378 2111 619 2181 promulgatorum
638 2112 732 2182 legum
749 2111 872 2168 sufficiat
890 2112 1045 2169 auctoritas
1063 2116 1148 2182 atque
1166 2113 1225 2179 his,
1246 2112 1295 2182 qui
1313 2112 1368 2168 rite
1391 2112 1427 2168 ab
1446 2112 1551 2168 iniusta
1569 2113 1709 2169 anestia
1725 2102 1824 2184 provo·

377 2197 475 2252 cantes
491 2197 589 2253 audire
606 2197 768 2264 noluissent,
786 2199 825 2254 sit
842 2217 933 2270 poena
950 2199 1107 2270 proposita,
1133 2217 1224 2271 poena
1248 2199 1334 2255 etiam
1353 2198 1444 2255 officio
1463 2199 1631 2265 constituta,
1649 2198 1708 2255 aive
1726 2198 1755 2253 in
1773 2199 1823 2254 cri-

376 2281 530 2338 minalibus
547 2283 606 2339 sive
624 2285 654 2338 in
672 2285 804 2340 civilibus
822 2285 913 2341 causis
928 2285 1013 2342 fuerit
1025 2284 1189 2351 indicatum,
1204 2290 1330 2342 attamen
1343 2289 1438 2342 nostro
1451 2285 1538 2341 etiam
1550 2289 1628 2341 motu
1642 2284 1823 2350 decernimus,

377 2372 410 2423 ut
428 2373 554 2425 veterum
571 2373 681 2426 statuta
699 2376 857 2437 serventur,
880 2390 953 2441 quae
975 2372 1084 2427 nullum
1101 2372 1227 2444 patimur
1249 2390 1382 2442 umquam
1401 2372 1505 2443 inpune
1525 2372 1637 2429 violare.
1673 2390 1735 2427 nur.
1759 2389 1823 2427 ssu.
1864 2377 1875 2416 ⁵

377 2471 434 2510 mu
452 2457 626 2527 monuo)
644 2474 801 2514 smenon
819 2476 851 2514 sn
869 2476 1026 2514 sanmuro
1043 2476 1132 2514 uorsa.

470 2632 495 2682 V

379 2750 469 2804 laia
486 2752 511 2802 V
559 2751 714 2820 proconsuli}
734 2752 831 2820 ppoV
898 2752 997 2821 3pena
1016 2771 1085 2822 prop.
1102 2754 1143 2805 V·

463 3079 530 3117 insu
547 3065 1062 3132 ss.snsv1suoe(nsaracno)v(ss1).
1098 3062 1233 3126 Quotiens
1258 3063 1301 3118 vir
1324 3062 1489 3134 spectabilis
1512 3061 1633 3118 vicarius
1652 3062 1825 3118 venerandae

378 3147 455 3204 urbis
476 3147 621 3219 negotium
647 3149 763 3219 aliquod
787 3149 940 3221 praemissa
964 3148 1146 3206 inscribtione
1169 3149 1314 3221 cognoscit
1340 3153 1425 3219 atque
1449 3151 1486 3205 ab
1505 3148 1565 3206 eius
1582 3148 1723 3206 sententia
1740 3147 1826 3204 fuerit

378 3239 575 3306 provocatum,
604 3237 641 3290 ad
667 3240 791 3292 nostram
816 3236 995 3292 clementiam
1021 3236 1118 3293 referri
1144 3237 1324 3293 decernimus.
1370 3235 1418 3291 Sin
1444 3253 1507 3292 vero
1531 3235 1691 3292 huiusmodi
1709 3251 1825 3291 examen

378 3320 537 3392 arripuerit,
556 3322 585 3376 in
603 3340 659 3391 qno
678 3322 737 3379 sine
755 3322 814 3377 ullo
832 3322 904 3394 legis
923 3322 1035 3378 vinculo
1053 3341 1107 3378 non
1121 3327 1181 3378 tam
1193 3322 1298 3379 crimen
1312 3322 1434 3379 obicitur
1445 3340 1530 3391 quam
1543 3321 1687 3376 cuiusdam
1701 3320 1825 3376 criminis

379 3407 515 3462 conflatur
533 3407 641 3463 invidia
659 3409 775 3477 lataque
793 3408 935 3465 sententia
952 3409 1145 3479 appellatione
1163 3408 1350 3480 suspenditur,
1369 3407 1516 3464 inlustrem
1533 3408 1626 3463 sedem
1644 3411 1723 3462 tuam
1741 3404 1825 3462 editis
1865 3430 1877 3468 3

380 3511 413 3548 ex
431 3513 507 3550 more
530 3494 666 3564 apostolis
688 3513 768 3550 sacra
797 3494 857 3551 vice
879 3494 1053 3551 audientiam
1077 3496 1211 3567 praebere
1232 3496 1380 3551 sancimus.
1416 3512 1476 3550 oar.
1495 3512 1559 3550 xmr
1588 3512 1651 3550 uu.
1676 3494 1824 3562 saritam.

378 3597 492 3634 onmis
510 3597 668 3636 ermenoara
687 3599 718 3635 rr
736 3598 893 3637 sanmuro
910 3599 999 3637 conss.

381 3689 529 3697 ——.-
550 3691 652 3698 -.--
677 3692 745 3698 .-.--
759 3692 793 3698 .--

472 3760 492 3809 V

377 3878 391 3931 l
410 3882 469 3933 aria.
486 3879 510 3929 V
578 3878 594 3933 6
615 3882 719 3949 prebere
736 3881 776 3931 V·

273 4082 589 4153 mmmmm

465 4206 534 4245 minc
550 4208 597 4244 ss.
616 4205 648 4243 ar
665 4193 853 4259 rasontosrrs)
872 4209 899 4244 s.
919 4208 956 4244 so
974 4206 1108 4245 nrormvrs
1127 4190 1339 4258 raeaorsvm)
1363 4190 1509 4258 amictus).
1550 4191 1581 4244 ln
1605 4188 1734 4260 negotiis,
1754 4207 1826 4258 quae

380 4294 413 4331 ex
432 4275 625 4348 appellatione
643 4277 822 4341 descendunt,
843 4281 964 4332 veterem
984 4275 1212 4332 consuetudinem
1225 4276 1352 4331 volumus
1371 4276 1514 4342 custodiri,
1534 4276 1606 4331 illud
1624 4277 1766 4340 addentes,
1785 4281 1825 4341 ut,

380 4364 404 4418 si
423 4364 535 4433 quando
553 4382 571 4417 a
589 4363 742 4434 gentilibus
762 4364 806 4420 vel
825 4382 843 4418 a
860 4363 1012 4433 praesectis
1029 4382 1123 4418 eorum
1142 4363 1242 4418 fuisset
1260 4362 1428 4433 interposita
1446 4363 1621 4433 provocatio,
1644 4380 1753 4417 sacmm
1772 4364 1826 4418 sol·

381 4449 519 4514 lemniter,
533 4450 586 4504 hoc
598 4454 641 4504 est
653 4449 858 4519 proconsularis
870 4449 1038 4520 cognitionis
1057 4449 1245 4519 praestoletur
1262 4466 1386 4504 examen.
1422 4467 1484 4504 nar.
1502 4467 1533 4504 ιι
1550 4467 1614 4504 rsa.
1633 4466 1696 4503 sva.
1715 4449 1827 4518 suasu·

382 4540 448 4604 uss)
466 4553 624 4591 armenon
641 4554 662 4589 11
680 4554 712 4590 sn
729 4553 871 4591 suasuro
888 4553 976 4591 corsa.

383 4645 650 4653 -—-——..-—--.-.
672 4646 734 4653 '—-—
761 4647 773 4652 ..
780 4648 792 4652 .-

475 4712 500 4764 V

272 5041 331 5106 .30,
343 5040 378 5095 63
395 5046 457 5112 (405
475 5044 541 5100 Dec.
555 5045 606 5114 19).

467 5164 534 5201 msu
552 5167 619 5203 aas.
638 5165 780 5202 surmio
798 5148 972 5216 mammo)
990 5146 1169 5215 rtnsmosulo.
1206 5145 1236 5198 In
1255 5143 1300 5198 his
1318 5143 1417 5209 causis,
1436 5160 1508 5212 quae
1526 5146 1687 5214 praesentes
1706 5142 1826 5197 arbitros

382 5252 416 5289 ex
434 5234 574 5290 sententia
593 5238 701 5289 vestrae
719 5232 923 5303 magnitudinis
941 5231 1102 5294 sortiuntur,
1122 5232 1167 5286 vel
1185 5231 1213 5284 in
1232 5248 1266 5285 ea
1284 5229 1402 5285 civitate
1420 5248 1469 5286 seu
1483 5228 1628 5300 provincia
1642 5246 1699 5297 qua
1716 5228 1826 5299 degetis

382 5320 441 5377 sive
460 5321 489 5375 in
507 5320 640 5391 proximis
658 5325 743 5389 atque
762 5318 902 5390 contiguis
921 5318 1080 5390 provinciis,
1098 5318 1144 5373 lex
1162 5316 1281 5385 antiqua
1299 5315 1442 5386 propriam
1460 5315 1588 5371 obtineat
1606 5314 1776 5378 firmitatem,
1795 5317 1828 5369 ut

384 5499 398 5551 l
419 5513 477 5550 aaa.
495 5515 544 5549 ooo.
560 5495 583 5545 V
650 5494 666 5545 2
685 5492 737 5559 uel]
756 5496 844 5546 malim
863 5497 918 5546 siue
988 5492 1005 5544 3
1022 5493 1170 5561 continguis
1187 5492 1226 5542 V·
