4800 6400
515 681 829 742 mmmmm
1205 690 1269 759 ew
1693 692 1957 768 mrem

481 855 494 909 1
514 856 623 928 palium
640 876 783 913 munerum
801 875 868 914 cura
884 859 993 930 partita
1012 859 1156 918 vobiscum
1167 863 1301 934 obsequio
1314 863 1472 936 capiantur.
1542 866 1572 922 Si
1589 867 1652 937 quis
1670 873 1765 927 autem
1783 870 1955 927 clarissimae

514 943 648 1001 meruerit
665 943 769 1000 infulas
787 944 935 1016 dignitatis
953 963 1004 1001 nec
1023 946 1126 1003 indulti
1144 951 1266 1007 muneris
1283 951 1406 1022 gratiam
1424 951 1614 1012 codicillorum
1628 954 1799 1028 allegatione
1817 958 1952 1030 percepit,

479 1031 497 1082 2
514 1027 684 1100 impetratae
701 1031 822 1089 fructum
840 1031 989 1103 dignitatis
1007 1033 1130 1090 amittat.
1217 1037 1255 1092 Et
1271 1037 1380 1102 cuncti,
1398 1038 1448 1108 qui
1465 1057 1516 1110 per
1537 1040 1630 1096 officia
1652 1041 1763 1099 diversa
1779 1043 1892 1099 nomina
1909 1045 1954 1101 de-

514 1115 615 1172 derunt
631 1117 759 1181 militiae,
777 1117 801 1172 si
820 1119 853 1174 de
871 1118 1019 1175 curialium
1036 1139 1149 1178 numero
1167 1123 1303 1194 originem
1321 1124 1445 1190 trahunt,
1459 1125 1544 1181 soluti
1556 1128 1738 1184 sacramentis
1752 1130 1850 1186 vestris
1864 1131 1953 1186 cocti-

512 1201 564 1257 bus
582 1203 777 1274 adgregentur.
812 1223 874 1260 nar.
891 1222 922 1260 xi
940 1223 1002 1261 m
1021 1224 1078 1262 ιη.
1097 1226 1246 1265 unionum
1267 1227 1433 1267 corsrsnrro
1458 1230 1485 1269 u.
1505 1230 1545 1268 vn
1563 1231 1595 1269 rr
1612 1231 1778 1272 oonsrurrro
1795 1234 1828 1271 111
1844 1234 1919 1272 casa
1993 1235 2005 1274 a

512 1305 602 1343 consa

605 1462 629 1512 V

513 1581 612 1666 leura
629 1586 723 1652 partita
740 1604 766 1637 u.
780 1604 802 1639 o.
818 1587 961 1657 capiantur]
979 1608 1028 1642 scr.
1047 1608 1136 1645 curam
1148 1610 1205 1661 pec
1294 1593 1311 1647 3
1328 1597 1406 1647 officii
1423 1597 1542 1649 adiuersa
1557 1596 1583 1647 V
1645 1597 1662 1652 b
1679 1598 1826 1668 mediolani]
1845 1602 1881 1654 sic
1900 1601 1925 1651 V

512 1659 559 1721 pto
577 1651 768 1723 (medullosa)
794 1658 928 1711 uobiscum
954 1662 1077 1729 obsequio
1103 1664 1206 1730 capiant
1260 1667 1421 1718 constantino
1443 1684 1465 1718 a
1485 1668 1522 1719 uli
1536 1666 1570 1732 V;
1592 1667 1649 1720 side
1667 1669 1704 1720 cd
1724 1670 1957 1737 inmanique

401 1890 720 1964 mcffimm

598 2015 665 2053 mn
682 2017 710 2054 a,
729 2018 767 2054 au
777 2017 891 2057 rnvcmr
906 2008 1103 2078 emarcum)
1119 2010 1300 2078 r(mrrom)o.
1337 2009 1464 2067 Inludere
1480 2010 1631 2068 commodis
1644 2011 1783 2070 curiarum
1802 2014 1955 2072 decurioni-

512 2085 564 2140 bus
581 2103 615 2140 ac
633 2085 811 2142 decurionum
835 2089 901 2146 filiis
923 2098 1036 2149 cautum
1061 2100 1105 2151 est
1126 2115 1180 2152 non
1204 2097 1299 2161 licere,
1323 2096 1377 2151 etsi
1400 2114 1465 2153 vcro
1486 2097 1600 2154 adiectu
1624 2099 1745 2158 militiae
1768 2120 1797 2158 se
1816 2102 1956 2172 obsequiis

511 2175 662 2233 traderent.
708 2172 777 2229 (lum
805 2193 869 2233 vero
897 2178 1000 2236 idcirco
1025 2184 1219 2238 tantummodo
1243 2184 1279 2238 ad
1303 2183 1424 2240 militiae
1442 2189 1619 2241 sacramenta
1637 2185 1815 2258 confugiunt,
1833 2190 1866 2242 ut
1884 2206 1955 2244 com·

510 2263 600 2322 modis
625 2273 792 2343 oppidaneis
818 2271 981 2341 obsequium
1007 2270 1170 2342 denegetur,
1196 2268 1303 2325 fraudis
1329 2269 1412 2325 huius
1438 2275 1596 2328 commenta
1617 2272 1702 2328 facile
1724 2273 1951 2344 comprimentur.

511 2355 702 2428 Comperimus
724 2378 843 2429 namque
867 2357 1003 2429 plurimos
1025 2356 1231 2428 praedictorum
1252 2375 1351 2413 nomen
1378 2356 1498 2413 militiae
1521 2357 1670 2415 tradidisse
1693 2360 1738 2416 vel
1761 2361 1798 2416 ad
1815 2361 1948 2433 audragia
1987 2376 1999 2414 s

513 2445 665 2502 cucurrisse
689 2446 743 2511 its,
762 2449 794 2500 ut
816 2449 881 2516 post
898 2450 1009 2516 tempus
1031 2443 1163 2516 exiguum
1186 2443 1305 2500 honesta
1322 2441 1452 2499 missione
1474 2444 1618 2500 donentur.
1642 2487 1648 2500 .
1668 2488 1674 2500 .
1693 2489 1699 2501 .
1719 2488 1726 2501 .
1748 2450 1778 2502 et
1794 2447 1955 2504 muneribus

510 2530 620 2601 patriae
644 2530 814 2602 perferendis
840 2550 934 2586 curam
957 2531 1073 2586 sedulae
1091 2529 1194 2586 mentis
1216 2529 1373 2586 intendant.
1408 2547 1470 2586 nir.
1488 2547 1537 2586 xri
1559 2546 1622 2588 nn
1648 2550 1711 2590 uva.
1736 2551 1886 2590 urnrourr
1904 2553 1951 2590 aa·

510 2636 619 2674 annosa
636 2637 669 2674 ar
686 2638 818 2675 remisso
835 2637 923 2676 consa

606 2796 630 2846 V

508 2913 612 2983 doum]
630 2920 731 2984 scripsi,
746 2916 840 2970 tumV
890 2917 1055 2970 idcircumV
1103 2916 1197 2970 tana
1253 2913 1443 2985 imadiolani]
1461 2917 1498 2970 sio
1513 2917 1539 2967 V

510 2994 536 3038 et
553 2988 702 3039 &siderum
718 2989 795 3039 ulio:
812 2988 947 3040 soluantnr
964 2989 1043 3054 igitur
1060 2987 1152 3040 militia

400 3225 500 3292 [,1,44
518 3225 581 3293 (358
599 3226 664 3281 Mai.
682 3227 736 3295 22).

591 3347 658 3384 mm
675 3350 702 3385 n.
720 3347 759 3384 nn
776 3347 972 3385 scansurus
989 3348 1123 3386 monam
1141 3332 1288 3401 uuicos).
1334 3329 1507 3402 Quicumque
1525 3330 1601 3386 intra
1622 3328 1761 3401 palatium
1780 3329 1951 3402 perfectissi-

505 3436 567 3472 mus
596 3422 647 3473 aut
671 3435 762 3472 comes
785 3421 933 3487 provectus
955 3417 1089 3488 suffragio
1110 3422 1161 3483 est,
1185 3416 1322 3488 spolietur
1343 3418 1455 3473 honoris
1479 3415 1599 3474 indebiti
1623 3415 1763 3487 dignitate
1781 3420 1810 3472 et
1827 3415 1852 3471 si
1870 3416 1951 3473 intra

507 3503 680 3573 provinciam
699 3510 825 3573 repertus
842 3503 928 3560 merit
945 3504 1059 3571 otiosus,
1077 3504 1155 3559 cuius
1178 3503 1275 3559 munia
1294 3503 1384 3560 vitare
1402 3504 1542 3568 studebat,
1566 3502 1707 3573 obsequiis
1725 3503 1951 3574 competentibus

505 3589 680 3661 subiugetur.
717 3607 778 3645 nar.
796 3607 827 3644 xr
846 3608 909 3645 nan.
926 3607 984 3645 rvu.
1003 3608 1095 3646 smmo
1113 3607 1234 3646 camino
1252 3607 1284 3645 rr
1301 3608 1420 3645 cramus
1437 3608 1525 3647 conss.

600 3766 624 3815 V

507 3885 525 3937 3
542 3885 624 3954 cuius]
643 3905 692 3940 scr.
710 3891 798 3941 curiae
816 3890 891 3941 cuins

400 4094 414 4160 l,
428 4095 499 4160 1,45
516 4094 577 4162 (358
597 4094 655 4150 Iun.
668 4095 718 4164 22).

591 4217 657 4253 murs
675 4219 702 4254 n.
720 4218 758 4253 an
776 4217 970 4254 unammuvu
988 4201 1141 4267 vrc(na1vu)
1159 4200 1304 4267 aserdan).
1349 4198 1432 4253 Parvi
1450 4197 1549 4254 habito
1566 4196 1675 4268 generis
1693 4201 1723 4253 et
1741 4196 1858 4266 originis
1875 4214 1948 4253 nexu

504 4284 630 4355 plerique
648 4285 750 4340 muniis
768 4286 934 4356 oppidaneis
952 4287 1069 4356 inprobe
1088 4284 1232 4340 destitutis
1256 4286 1292 4341 ad
1316 4285 1450 4340 militiam
1474 4283 1630 4355 confugisse
1652 4282 1791 4339 dicuntur.
1827 4283 1947 4352 ldeoque

506 4389 560 4426 non
579 4390 625 4427 eos
642 4375 762 4437 tantum,
781 4373 829 4441 qui
848 4372 1007 4428 etiamnunc
1026 4373 1055 4426 in
1074 4371 1177 4428 militia
1188 4375 1375 4444 perseverent,
1394 4376 1437 4428 set
1456 4376 1601 4427 veteranos
1613 4369 1701 4426 etiam
1718 4370 1868 4425 statuimus
1886 4388 1948 4426 evo

506 4458 563 4513 cari
581 4462 744 4514 executuros
766 4459 894 4529 proprias
916 4459 1101 4530 allegationes
1125 4458 1154 4513 in
1179 4458 1291 4514 iudiciis
1314 4458 1540 4529 conpetentibus,
1560 4488 1593 4499 -
1615 4474 1735 4526 aequum
1759 4462 1803 4514 est
1828 4475 1948 4527 namque

504 4545 613 4599 nullum
636 4563 665 4600 se
689 4545 799 4601 nomine
824 4547 957 4602 honestae
979 4545 1120 4602 missionis
1138 4544 1211 4602 tueri
1232 4577 1262 4586 -
1282 4549 1314 4601 ut
1331 4545 1491 4602 etiamnunc
1513 4544 1543 4600 in
1566 4542 1671 4599 militia
1689 4547 1884 4615 permanentes
1901 4542 1947 4598 vel
1987 4568 1999 4607 5

505 4630 561 4684 iam
580 4629 669 4686 otium
688 4637 849 4687 consecutos
867 4632 1007 4703 recipiant
1025 4633 1128 4697 curiae,
1147 4633 1171 4687 si
1188 4632 1243 4687 sibi
1262 4632 1396 4689 obnoxios
1414 4650 1472 4689 esse
1491 4630 1715 4687 monstraverint.
1749 4629 1868 4685 illicitas
1880 4647 1946 4698 quo·

504 4736 558 4787 que
575 4718 712 4788 epistulas
730 4718 816 4774 adimi
836 4720 961 4775 volumus
980 4720 1127 4785 veteranis,
1141 4718 1235 4776 curiae
1252 4721 1431 4777 decernentes
1454 4736 1513 4774 esse
1534 4718 1701 4783 reddendos,
1725 4735 1795 4787 quos
1814 4714 1947 4771 obnoxios

506 4821 565 4859 esse
583 4805 724 4861 claruerit.
760 4821 821 4859 cnr.
834 4822 853 4859 x
871 4822 935 4861 m.
953 4822 1006 4861 rvi..
1025 4822 1115 4860 smum
1133 4823 1255 4861 camno
1273 4823 1306 4861 ar
1323 4822 1442 4861 mausus
1459 4821 1547 4860 conss.

597 4985 621 5035 V

504 5103 705 5174 dperseuerant
725 5109 902 5176 (losbofredas
971 5106 1096 5159 diudicis
1111 5106 1136 5156 V
1199 5107 1419 5160 dmonstaucrint
1433 5106 1458 5156 V
1569 5101 1571 5105 ’

1712 5230 1944 5241 --.-——-

399 5294 721 5366 mmmmm

592 5415 656 5453 mnu
675 5419 701 5454 a.
720 5418 758 5454 nn
775 5414 970 5453 unarmrnnvu
989 5397 1308 5466 vrc(na1vu)nssrc(aa).
1344 5397 1453 5453 Aeolis
1472 5395 1660 5468 praecipimus
1678 5396 1823 5453 advocatis
1840 5415 1946 5453 eorum·

507 5504 561 5555 que
583 5486 722 5542 consortio
745 5486 806 5540 dari
830 5484 990 5555 provinciae
1012 5484 1192 5539 sacerdotem.
1232 5483 1292 5540 Nec
1317 5484 1419 5553 aliquis
1443 5485 1596 5541 arbitretur
1617 5484 1660 5540 ita
1678 5502 1737 5540 csse
1755 5483 1949 5541 advocationis

612 5573 713 5628 Tuscu.
727 5574 747 5626 I.
1708 5571 1743 5627 43
